@TECHREPORT{CondEqv,
  AUTHOR =       {Ming Kawaguchi and Shuvendu K. Lahiri and Henrique Rebelo},
  TITLE =        {conditional equivalence},
  INSTITUTION =  {MSR},
  YEAR =         {2010}
}

@TECHREPORT{InputGen,
  AUTHOR =       {Guy Erez and Eran Yahav and Mooly Sagiv},
  TITLE =        {Generating Concrete Counterexamples for Sound Abstract Interpretation},
  INSTITUTION =  {Tel Aviv University},
  YEAR =         {2004},
}

@article{Octagon,
 AUTHOR = {Min\'{e}, Antoine},
 TITLE = {The octagon abstract domain},
 JOURNAL = {Higher Order Symbol. Comput.},
 VOLUME = {19},
 ISSUE = {1},
 MONTH = {March},
 YEAR = {2006},
 ISSN = {1388-3690},
 PAGES = {31--100},
 NUMPAGES = {70},
 URL = {http://portal.acm.org/citation.cfm?id=1145489.1145526},
 DOI = {10.1007/s10990-006-8609-1},
 ACMID = {1145526},
 PUBLISHER = {Kluwer Academic Publishers},
 ADDRESS = {Hingham, MA, USA},
 KEYWORDS = {Abstract interpretation, Numerical abstract domains, Relational numerical invariants, Static analysis},
}

@inproceedings{Donut,
   author = {Ghorbal, Khalil and Ivancic, Franjo and Balakrishnan, Gogul and Maeda, Naoto and Gupta, Aarti},
   affiliation = {NEC Laboratories America, Inc., USA},
   title = {Donut Domains: Efficient Non-convex Domains for Abstract Interpretation},
   booktitle = {Verification, Model Checking, and Abstract Interpretation},
   series = {Lecture Notes in Computer Science},
   editor = {Kuncak, Viktor and Rybalchenko, Andrey},
   publisher = {Springer Berlin / Heidelberg},
   isbn = {978-3-642-27939-3},
   keyword = {Computer Science},
   pages = {235-250},
   volume = {7148},
   url = {http://dx.doi.org/10.1007/978-3-642-27940-9_16},
   year = {2012}
}


@inproceedings{BGDR:CSFW04,
 author = {Barthe, Gilles and D'Argenio, Pedro R. and Rezk, Tamara},
 title = {Secure Information Flow by Self-Composition},
 booktitle = {Proceedings of the 17th IEEE workshop on Computer Security Foundations},
 series = {CSFW '04},
 year = {2004},
 isbn = {0-7695-2169-X},
 pages = {100--},
 url = {http://dx.doi.org/10.1109/CSFW.2004.17},
 doi = {10.1109/CSFW.2004.17},
 acmid = {1009669},
 publisher = {IEEE Computer Society},
 address = {Washington, DC, USA},
}

@inproceedings{TA:SAS05,
 author = {Terauchi, Tachio and Aiken, Alex},
 title = {Secure information flow as a safety problem},
 booktitle = {Proceedings of the 12th international conference on Static Analysis},
 series = {SAS'05},
 year = {2005},
 isbn = {3-540-28584-9, 978-3-540-28584-7},
 location = {London, UK},
 pages = {352--367},
 numpages = {16},
 url = {http://dx.doi.org/10.1007/11547662_24},
 doi = {10.1007/11547662_24},
 acmid = {2156828},
 publisher = {Springer-Verlag},
 address = {Berlin, Heidelberg},
}

@inproceedings{AutoBinary,
  AUTHOR    = {Yang Song and
               Yuqing Zhang and
               Yingfei Sun},
  TITLE     = {Automatic Vulnerability Locating in Binary Patches},
  BOOKTITLE = {International Conference on Computational Intelligence
               and Security, CIS 2009},
  YEAR      = {2009},
  PAGES     = {474-477},
  EE        = {http://doi.ieeecomputersociety.org/10.1109/CIS.2009.273},

  BIBSOURCE = {DBLP, http://dblp.uni-trier.de}
}

@inproceedings{DBLP:conf/dac/GodlinS09,
  author    = {Benny Godlin and
               Ofer Strichman},
  title     = {Regression verification},
  booktitle = {DAC},
  year      = {2009},
  pages     = {466-471},
  ee        = {http://doi.acm.org/10.1145/1629911.1630034},
  crossref  = {DBLP:conf/dac/2009},
  bibsource = {DBLP, http://dblp.uni-trier.de}
}

@proceedings{DBLP:conf/dac/2009,
  title     = {Proceedings of the 46th Design Automation Conference, DAC
               2009, San Francisco, CA, USA, July 26-31, 2009},
  booktitle = {DAC},
  publisher = {ACM},
  year      = {2009},
  isbn      = {978-1-60558-497-3},
  bibsource = {DBLP, http://dblp.uni-trier.de}
}

@inproceedings{DarunGrim3,
  AUTHOR    = {Jeongwook Oh},
  TITLE     = {ExploitSpotting: Locating Vulnerabilities Out Of Vendor Patches Automatically},
  BOOKTITLE = {Black Hat 2010},
  YEAR      = {2010}
}

@inproceedings{AutoPatch,
 AUTHOR = {Brumley, David and Poosankam, Pongsin and Song, Dawn and Zheng, Jiang},
 TITLE = {Automatic Patch-Based Exploit Generation is Possible: Techniques and Implications},
 BOOKTITLE = {Proceedings of the 2008 IEEE Symposium on Security and Privacy},
 YEAR = {2008},
 ISBN = {978-0-7695-3168-7},
 PAGES = {143--157},
 NUMPAGES = {15},
 URL = {http://portal.acm.org/citation.cfm?id=1397759.1398066},
 DOI = {10.1109/SP.2008.17},
 ACMID = {1398066},
 PUBLISHER = {IEEE Computer Society},
 ADDRESS = {Washington, DC, USA},
 KEYWORDS = {exploit generation, symbolic execution, combined execution, test case generation, patch},
}
@inproceedings{DiffAnalysis,
 AUTHOR = {Lahiri, Shuvendu K. and Vaswani, Kapil and Hoare, Tony},
 TITLE = {Differential Static Analysis: Opportunities, Applications, and Challenges},
 BOOKTITLE = {2010 FSE/SDP Workshop on the Future of Software Engineering Research},
 YEAR = {2010},
 NUMPAGES = {4},
 URL = {http://research.microsoft.com/apps/pubs/default.aspx?id=138319},
 PUBLISHER = {Association for Computing Machinery, Inc.},
 KEYWORDS = {static analysis, differential analysis, equivalence checking, semantic diff, regression testing},
}

@MASTERSTHESIS{AutoExploit,
  AUTHOR =       {Heelan, Sean},
  TITLE =        {Automatic Generation of Control Flow Hijacking Exploits for Software Vulnerabilities},
  SCHOOL =       {Oxford},
  YEAR =         {2009}
}

@ONLINE{CLang,
  title = {clang: a C language family frontend for LLVM},
  year = {2007},
  url = {http://clang.llvm.org/}
}


@inproceedings{DBLP:conf/cav/JeannetM09,
  author    = {Bertrand Jeannet and
               Antoine Min{\'e}},
  title     = {Apron: A Library of Numerical Abstract Domains for Static
               Analysis},
  booktitle = {CAV},
  year      = {2009},
  pages     = {661-667},
  ee        = {http://dx.doi.org/10.1007/978-3-642-02658-4_52},
  crossref  = {DBLP:conf/cav/2009},
  bibsource = {DBLP, http://dblp.uni-trier.de}
}

@proceedings{DBLP:conf/cav/2009,
  editor    = {Ahmed Bouajjani and
               Oded Maler},
  title     = {Computer Aided Verification, 21st International Conference,
               CAV 2009, Grenoble, France, June 26 - July 2, 2009. Proceedings},
  booktitle = {CAV},
  publisher = {Springer},
  series    = {Lecture Notes in Computer Science},
  volume    = {5643},
  year      = {2009},
  isbn      = {978-3-642-02657-7},
  ee        = {http://dx.doi.org/10.1007/978-3-642-02658-4},
  bibsource = {DBLP, http://dblp.uni-trier.de}
}

@article{DBLP:journals/ase/ApiwattanapongOH07,
  author    = {Taweesup Apiwattanapong and
               Alessandro Orso and
               Mary Jean Harrold},
  title     = {JDiff: A differencing technique and tool for object-oriented
               programs},
  journal   = {Autom. Softw. Eng.},
  volume    = {14},
  number    = {1},
  year      = {2007},
  pages     = {3-36},
  ee        = {http://dx.doi.org/10.1007/s10515-006-0002-0},
  bibsource = {DBLP, http://dblp.uni-trier.de}
}

@inproceedings{DBLP:conf/sigsoft/PersonDEP08,
  author    = {Suzette Person and
               Matthew B. Dwyer and
               Sebastian G. Elbaum and
               Corina S. Pasareanu},
  title     = {Differential symbolic execution},
  booktitle = {SIGSOFT FSE},
  year      = {2008},
  pages     = {226-237},
  ee        = {http://doi.acm.org/10.1145/1453101.1453131},
  crossref  = {DBLP:conf/sigsoft/2008},
  bibsource = {DBLP, http://dblp.uni-trier.de}
}

@proceedings{DBLP:conf/sigsoft/2008,
  editor    = {Mary Jean Harrold and
               Gail C. Murphy},
  title     = {Proceedings of the 16th ACM SIGSOFT International Symposium
               on Foundations of Software Engineering, 2008, Atlanta, Georgia,
               USA, November 9-14, 2008},
  booktitle = {SIGSOFT FSE},
  publisher = {ACM},
  year      = {2008},
  isbn      = {978-1-59593-995-1},
  bibsource = {DBLP, http://dblp.uni-trier.de}
}

@inproceedings{DBLP:conf/icsm/JacksonL94,
  author    = {Daniel Jackson and
               David A. Ladd},
  title     = {Semantic Diff: A Tool for Summarizing the Effects of Modifications},
  booktitle = {ICSM},
  year      = {1994},
  pages     = {243-252},
  crossref  = {DBLP:conf/icsm/1994},
  bibsource = {DBLP, http://dblp.uni-trier.de}
}

@proceedings{DBLP:conf/icsm/1994,
  editor    = {Hausi A. M{\"u}ller and
               Mari Georges},
  title     = {Proceedings of the International Conference on Software
               Maintenance, ICSM 1994, Victoria, BC, Canada, September
               1994},
  booktitle = {ICSM},
  publisher = {IEEE Computer Society},
  year      = {1994},
  isbn      = {0-8186-6330-8},
  bibsource = {DBLP, http://dblp.uni-trier.de}
}

@inproceedings{Horwitz:1990:IST:93542.93574,
 author = {Horwitz, Susan},
 title = {Identifying the semantic and textual differences between two versions of a program},
 booktitle = {Proceedings of the ACM SIGPLAN 1990 conference on Programming language design and implementation},
 series = {PLDI '90},
 year = {1990},
 isbn = {0-89791-364-7},
 location = {White Plains, New York, United States},
 pages = {234--245},
 numpages = {12},
 url = {http://doi.acm.org/10.1145/93542.93574},
 doi = {10.1145/93542.93574},
 acmid = {93574},
 publisher = {ACM},
 address = {New York, NY, USA},
}

@inproceedings{DBLP:conf/cav/RamosE11,
  author    = {David A. Ramos and
               Dawson R. Engler},
  title     = {Practical, Low-Effort Equivalence Verification of Real Code},
  booktitle = {CAV},
  year      = {2011},
  pages     = {669-685},
  ee        = {http://dx.doi.org/10.1007/978-3-642-22110-1_55},
  crossref  = {DBLP:conf/cav/2011},
  bibsource = {DBLP, http://dblp.uni-trier.de}
}

@inproceedings{SymDiff,
  author    = {Shuvendu K. Lahiri and Chris Hawblitzer and Ming Kawaguchi and Henrique Rebelo},
  title     = {SYMDIFF: A language-agnostic semantic diff tool for imperative programs},
  booktitle = {CAV},
  year      = {2012},
}

@article{DBLP:journals/tissec/CadarGPDE08,
  author    = {Cristian Cadar and
               Vijay Ganesh and
               Peter M. Pawlowski and
               David L. Dill and
               Dawson R. Engler},
  title     = {EXE: Automatically Generating Inputs of Death},
  journal   = {ACM Trans. Inf. Syst. Secur.},
  volume    = {12},
  number    = {2},
  year      = {2008},
  ee        = {http://doi.acm.org/10.1145/1455518.1455522},
  bibsource = {DBLP, http://dblp.uni-trier.de}
}

@inproceedings{DBLP:conf/osdi/CadarDE08,
  author    = {Cristian Cadar and
               Daniel Dunbar and
               Dawson R. Engler},
  title     = {KLEE: Unassisted and Automatic Generation of High-Coverage
               Tests for Complex Systems Programs},
  booktitle = {OSDI},
  year      = {2008},
  pages     = {209-224},
  ee        = {http://www.usenix.org/events/osdi08/tech/full_papers/cadar/cadar.pdf},
  crossref  = {DBLP:conf/osdi/2008},
  bibsource = {DBLP, http://dblp.uni-trier.de}
}

@inproceedings{DBLP:conf/pldi/GodefroidKS05,
  author    = {Patrice Godefroid and
               Nils Klarlund and
               Koushik Sen},
  title     = {DART: directed automated random testing},
  booktitle = {PLDI},
  year      = {2005},
  pages     = {213-223},
  ee        = {http://doi.acm.org/10.1145/1065010.1065036},
  crossref  = {DBLP:conf/pldi/2005},
  bibsource = {DBLP, http://dblp.uni-trier.de}
}

@inproceedings{DBLP:conf/vstte/HaydenMHFF12,
  author    = {Christopher M. Hayden and
               Stephen Magill and
               Michael Hicks and
               Nate Foster and
               Jeffrey S. Foster},
  title     = {Specifying and Verifying the Correctness of Dynamic Software
               Updates},
  booktitle = {VSTTE},
  year      = {2012},
  pages     = {278-293},
  ee        = {http://dx.doi.org/10.1007/978-3-642-27705-4_22},
  crossref  = {DBLP:conf/vstte/2012},
  bibsource = {DBLP, http://dblp.uni-trier.de}
}

@inproceedings{DBLP:conf/pldi/NethercoteS07,
  author    = {Nicholas Nethercote and
               Julian Seward},
  title     = {Valgrind: a framework for heavyweight dynamic binary instrumentation},
  booktitle = {PLDI},
  year      = {2007},
  pages     = {89-100},
  ee        = {http://doi.acm.org/10.1145/1250734.1250746},
  crossref  = {DBLP:conf/pldi/2007},
  bibsource = {DBLP, http://dblp.uni-trier.de}
}
