@String{PASTE = {Proc. ACM Workshop on Program Analysis for Software Tools and Engineering}}
@String{popl = {Proc. ACM Symp. on Principles of Programming Languages}}
@String{pldi = {Proc. ACM Conf. on Programming Language Design and Implementation}}
@String{JavaTM = {{${\mathord{Java}}^{\mathord{TM}}$}}}
@String{JavaBeansTM = {{${\mathord{JavaBeans}}^{\mathord{TM}}$}}}
@String{TACS =    {Proc. Intl. Symp. on Theoretical Aspects of Computer Software}}
@String{LNCS =    {Lecture Notes in Computer Science}}
@String{sas = {Proc. Static Analysis Symp.}}
@String{cc = {Proc. Intl. Conf. on Compiler Construction}}
@String{IEEESoftEng = {IEEE Trans. Software Eng.}}
@String{esop = {Proc. European Symp. on Programming}}
@String{icse = {Proc. Intl. Conf. on Software Eng.}}

@article{Landi:LOPLAS92,
    author = "William Landi",
    title = "Undecidability of Static Analysis",
    journal = "ACM Letters on Programming Languages and Systems",
    volume = "1",
    number = "4",
    month = "December",
    publisher = "ACM Press",
    pages = "323--337",
    year = "1992"
}

@article{Rama:TOPLAS94,
    author = "G. Ramalingam",
    title = "The Undecidability of Aliasing",
    journal = "ACM Transactions on Programming Languages and Systems",
    volume = "16",
    number = "5",
    pages = "1467--1471",
    year = "1994"
}

@article{GRS:Jacm00,
    author = "Roberto Giacobazzi and Francesco Ranzato and Francesca Scozzari",
    title = "Making abstract interpretations complete",
    journal = "Journal of the ACM",
    volume = "47",
    number = "2",
    pages = "361--416",
    year = "2000"
}


@inproceedings{BLAST:POPL02,
    author = "Thomas A. Henzinger and Ranjit Jhala and Rupak Majumdar and Gregoire Sutre",
    title = "Lazy abstraction",
    booktitle = "Symposium on Principles of Programming Languages",
    pages = "58--70",
    year = "2002"
}

@inproceedings{Purity:VMCAI2005,
 author = {Alexandru Salcianu and Matin Rinard},
 title = {Purity and Side Effect Analysis for {Java} Programs},
 booktitle = {VMCAI'05: Proceedings of the 6th International Conference
     on Verification, Model Checking, and Abstract Interpretation},
 year = {2005},
 location = {Paris, France},
 }



@InProceedings{kn:CanvasPLDI02,
  author =       "G. Ramalingam and A. Warshavsky and J. Field and
                 D. Goyal and M. Sagiv",
  title =        "Deriving specialized program analyses for certifying
                 component-client conformance",
  pages =        "83--94",
  ISSN =         "0362-1340",
  booktitle =    pldi,
  month =        jun # " ~17--19",
  series =       "ACM SIGPLAN Notices",
  volume =       "37, 5",
  publisher =    "ACM Press",
  address =      "New York",
  year =         "2002",
}

@techreport{Houdini:TR2000,
  author = "C. Flanagan and K. Rustan M. Leino",
  title = "Houdini, an Annotation Assistant for {ESC/Java}",
  year = "2000",
  institution = "Compaq Systems Research Center",
  number = "2000-003"
}

@inproceedings{ ClarkeEtAl:CAV00,
    author = "Edmund M. Clarke and Orna Grumberg and Somesh Jha and Yuan Lu and Helmut Veith",
    title = "Counterexample-Guided Abstraction Refinement",
    booktitle = "Proc. Computer Aided Verification",
    pages = "154-169",
    year = "2000"
}

@INPROCEEDINGS{Saidi:SAS00,
     Author = {Hassen Sa\"{i}di},
     Title="Model Checking Guided Abstraction and Analysis",
      pages = "377--389",
     Booktitle= sas,
     Editor="Jens Palsberg",
     Year=2000,
      series = LNCS,
      volume = 1824,
      publisher = "Springer-Verlag"
}

@INPROCEEDINGS{Hind:PASTE01,
     Author = "Michael Hind",
     Title="Pointer Analysis: Haven't We Solved This Problem Yet?",
      pages = "54--61",
     Booktitle= PASTE,
     Year=2001,
      month=jun
}

@InProceedings{DeLineEtAl:PLDI01,
        Title="Enforcing High-Level Protocols in Low-Level Software",
        Author= {Robert DeLine and Manuel F\"{a}hndrich},
          Pages = "59--69",
        Month=jun,
        Year=2001,
        booktitle=pldi
}

@MastersThesis{NoamThesis,
  Author= "Noam Rinetzky",
  Title= "Interprocedural Shape Analysis",
  School = "Technion-Israel Institute of Technology",
  Year = 2000,
  Address=  "Haifa, Israel",
  Month = dec
}

@InProceedings{JacksonFekete:TACS01,
  author =   {Daniel Jackson and Alan Fekete},
  title =    {Lightweight Analysis of Object Interactions},
  booktitle = TACS,
  year =     2001,
  address =  {Sendai, Japan},
  month =    {October}
}

@INPROCEEDINGS{MuthDebray:POPL00,
        AUTHOR = "Robert Muth and Saumya Debray",
        TITLE ="On the complexity of flow-sensitive dataflow analyses",
        BOOKTITLE = popl,
        publisher = "ACM Press",
        Address = "New York, NY",
        YEAR = 2000,
        PAGES = "67--80"
}

@PHDTHESIS {kn:Wang94,
        AUTHOR = "E. Y.-B. Wang",
        Title ="Analysis of Recursive Types in an Imperative Language",
        School = "Univ. of Calif.",
        YEAR = 1994,
        address = "Berkeley, CA"}


@INPROCEEDINGS{LandiRyder:POPL91,
        AUTHOR = "W. Landi and B. G. Ryder",
        TITLE ="Pointer-induced Aliasing: A Problem Classification",
        BOOKTITLE = popl,
        publisher = "ACM Press",
        Address = "New York, NY",
        YEAR = 1991,
        PAGES = "93--103"
}

@INCOLLECTION{kn:CC78,
        AUTHOR = "P. Cousot and R. Cousot",
        TITLE = "Static Determination of Dynamic Properties of Recursive Procedures",
        BOOKTITLE = "Formal Descriptions of Programming Concepts, (IFIP WG 2.2, St. Andrews, Canada, August 1977)",
        PUBLISHER = {North-Holland},
        YEAR = 1978,
        EDITOR = "E.J. Neuhold",
        PAGES = "237--277"
}
@INCOLLECTION{kn:C81,
        AUTHOR = "P. Cousot",
        TITLE = "Semantic Foundations of Program Analysis",
        BOOKTITLE = "Program Flow Analysis: Theory and Applications",
        PUBLISHER = {Prentice-Hall},
        ADDRESS = "Englewood Cliffs, NJ",
        YEAR = 1981,
        EDITOR = "S.S. Muchnick and N.D. Jones",
        CHAPTER = 10,
        PAGES = "303--342"
}
@INPROCEEDINGS{kn:banning,
        AUTHOR = "J.P. Banning",
        TITLE ="An Efficient way to find the Side Effects of
        Procedure Calls and the Aliases of Variables",
        BOOKTITLE = popl,
        publisher = "ACM Press",
        Address = "New York, NY",
        YEAR = 1979,
        PAGES = "29--41"
}
@INPROCEEDINGS{kn:weihl,
        AUTHOR = "W.E. Weihl",
        TITLE ="Interprocedural Data Flow Analysis in the
        Presence of Pointers, Procedure Variables, and Label Variables",
        BOOKTITLE = popl,
        publisher = "ACM Press",
        Address = "New York, NY",
        YEAR = 1980,
        PAGES = "83--94"
}
@INPROCEEDINGS{kn:myers,
        AUTHOR = "E.W. Myers",
        TITLE ="A Precise Inter-Procedural Data Flow Algorithm",
        BOOKTITLE = popl,
        publisher = "ACM Press",
        Address = "New York, NY",
        YEAR = 1981,
        PAGES = "219--230"
}
@INPROCEEDINGS{kn:MycroftJones86,
        AUTHOR = "N.D. Jones and A. Mycroft",
        TITLE ="Data Flow Analysis of Applicative Programs Using Minimal Function Graphs",
        BOOKTITLE = popl,
        publisher = "ACM Press",
        Address = "New York, NY",
        YEAR = 1986,
        PAGES = "296--306"
}
@INCOLLECTION{kn:JM81,
        AUTHOR = "N.D. Jones and S.S. Muchnick",
        TITLE = "Flow Analysis and Optimization of {L}isp-Like Structures",
        BOOKTITLE = "Program Flow Analysis:
                        Theory and Applications",
        PUBLISHER = {Prentice-Hall},
        ADDRESS = "Englewood Cliffs, NJ",
        YEAR = 1981,
        EDITOR = "S.S. Muchnick and N.D. Jones",
        CHAPTER = 4,
        PAGES = "102--131"
}
@PHDTHESIS {kn:Hendren,
        AUTHOR = "L. Hendren",
        Title ="Parallelizing Programs with Recursive Data
        Structures",
        School = "Cornell Univ.",
        address = "Ithaca, NY",
        YEAR = 1990,
        Month = "Jan"
}
@Inproceedings {kn:SFRW90,
        Author ="S. Sagiv and N. Francez and M. Rodeh and
        R. Wilhelm",
        Editor="P. Deransart and J. Ma{\l}uszynkski",
        Title ="A Logic-Based Approach to Data Flow Analysis Problems",
        Booktitle= "LNCS~456, 2nd Workshop on Programming Language
        Implementation and Logic Programming",
        Year = 1990,
        Publisher = "Springer-Verlag"
}
@INPROCEEDINGS{kn:JM82,
        AUTHOR = "N.D. Jones and S.S. Muchnick",
        TITLE = "A Flexible Approach to Interprocedural Data
        Flow Analysis and Programs with Recursive Data Structures",
        BOOKTITLE = popl,
        publisher = "ACM Press",
        Address = "New York, NY",
        YEAR = 1982,
        PAGES = "66--74"
}
@INPROCEEDINGS{kn:C85,
        AUTHOR = "K.D. Cooper",
        TITLE ="Analyzing Aliases of Reference Formal Parameters",
        BOOKTITLE = popl,
        publisher = "ACM Press",
        Address = "New York, NY",
        YEAR = 1985,
        PAGES = "281--290"
}
@INPROCEEDINGS {CooperKennedy:PLDI88,
    Author= "Keith D. Cooper and Ken Kennedy",
    Title = "Interprocedural Side-Effect Analysis in Linear Time",
    BOOKTITLE = pldi,
       publisher = "ACM Press",
        Address = "New York, NY",
    Year = 1988,
    Pages = "57--66"
}
@INPROCEEDINGS{kn:WZ85,
        AUTHOR = "M.N. Wegman and F.K. Zadeck",
        TITLE ="Constant Propagation with Conditional Branches",
        BOOKTITLE = popl,
        publisher = "ACM Press",
        Address = "New York, NY",
        YEAR = 1985
}
@Article {kn:WZ91,
        Author = "M.N. Wegman and F.K. Zadeck",
        Title ="Constant Propagation with Conditional Branches",
        journal = toplas,
       publisher = "ACM Press",
        Address = "New York, NY",
        Year = 1991,
        Volume = 13,
        Number = 2,
        Pages = "181--210"
}
@INPROCEEDINGS {kn:GT93,
    Author= "D. Grove and L. Torczon",
    Title = "A Study of Jump Function Implementations",
    BOOKTITLE = pldi,
       publisher = "ACM Press",
        Address = "New York, NY",
    Year = 1993,
    Pages = "90--99"
}
@INPROCEEDINGS {kn:OO84,
        Author = "K.J. Ottenstein and L.M. Ottenstein",
        Title =  "The Program Dependence Graph in a Software Development Environment",
        BOOKTITLE = "Proc. of the ACM SIGSOFT/SIGPLAN Software
                  Engineering Symposium on Practical Software
                  Development Environments",
                publisher = "ACM Press",
        Address = "New York, NY",
        Year = 1984,
        Pages = "177--184"
}
@INPROCEEDINGS {kn:CCKT86,
        Author = "D. Callahan and K.D. Cooper and K. Kennedy and
                L. Torczon",
        Title =  "Interprocedural Constant Propagation",
        BOOKTITLE = "SIGPLAN Symposium on Compiler Construction",
        Year = 1986,
        Pages = "152--161"
}
@INPROCEEDINGS {kn:BC86,
        Author = "M. Burke and R. Cytron",
        Title =  "Interprocedural Dependence Analysis and
        Parallelization",
        BOOKTITLE = "SIGPLAN '86 Symposium on Compiler Construction",
        Year = 1986,
        Pages = "162--175"
}
@InProceedings{kn:RHS95,
        AUTHOR ="T. Reps and S. Horwitz and M. Sagiv",
        TITLE = "Precise Interprocedural Dataflow Analysis via Graph Reachability",
        Booktitle = popl,
        YEAR = 1995,
    Pages = "49--61"
}
@InProceedings{kn:SRW99,
        AUTHOR ="M. Sagiv and T. Reps and R. Wilhelm",
        TITLE = "Parametric Shape Analysis via 3-Valued Logic",
        Booktitle = popl,
        YEAR = 1999,
        pages = "105--118",
}
@INPROCEEDINGS {kn:CFRWZ89,
        Author = "R. Cytron and J. Ferrante and B.K. Rosen and
    M.N. Wegman and F.K. Zadeck",
        Title =  "An Efficient Method of Computing Static Single
    Assignment Form",
        BOOKTITLE = popl,
        publisher = "ACM Press",
        Address = "New York, NY",
        Year = 1989,
        Pages = "25--35"
}
@INPROCEEDINGS{kn:coutant,
        AUTHOR = "D. Coutant",
        TITLE ="Retargetable High-Level Alias Analysis",
        BOOKTITLE = popl,
        publisher = "ACM Press",
        Address = "New York, NY",
        YEAR = 1986,
        PAGES = "110--118"
}
@INPROCEEDINGS{kn:KM87,
        AUTHOR = "T. Kuo and P. Mishra",
        TITLE ="On Strictness and its Analysis",
        BOOKTITLE = popl,
        publisher = "ACM Press",
        Address = "New York, NY",
        YEAR = 1987,
        PAGES = "144--155"
}
@INPROCEEDINGS{kn:DNP87,
        AUTHOR = "A.J. Demers and A. Neirynck and P. Panagaden",
        TITLE ="Computation of Aliases and Support Sets",
        BOOKTITLE = popl,
        publisher = "ACM Press",
        Address = "New York, NY",
        YEAR = 1987,
        PAGES = "274--283"
}

@inproceedings{Demsky:ICSE02,
 author = {Brian Demsky and Martin Rinard},
 title = {Role-based exploration of object-oriented programs},
 booktitle = {ICSE '02: Proceedings of the 24th International Conference on Software Engineering},
 year = {2002},
 isbn = {1-58113-472-X},
 pages = {313--324},
 location = {Orlando, Florida},
 doi = {http://doi.acm.org/10.1145/581339.581379},
 publisher = {ACM},
 address = {New York, NY, USA},
 }
@INPROCEEDINGS{kn:CR88,
        AUTHOR = "M.D. Carrol and B.G. Ryder",
        TITLE ="Incremental Data Flow Analysis via Dominator
        and Attributes Updates",
        BOOKTITLE = popl,
        publisher = "ACM Press",
        Address = "New York, NY",
        YEAR = 1988,
        PAGES = "274--283"
}
@book{kn:CBOOK,
       author = "A. Kelly and I. Pohl",
       title = "A Book on C",
       publisher = "The Benjamin Cummings Publishing Company",
       year = "1995",
       Edition ="Third"
}
@Article {kn:HRB90,
        Author = "S. Horwitz and T. Reps and D. Binkley",
        Title = "Interprocedural Slicing Using Dependence Graphs",
        Journal = toplas,
        Volume = 12,
        Number = 1,
        Month = "January",
        Year = "1990",
        Pages = "26--60"
}
@Article {kn:BH86,
        Author = "J. Barnes and P. Hut",
        Title = "A Hierarchical {O}({N} log {N}) Force-Calculation Algorithm",
        Journal = "Nature",
        Volume = 324,
        Month = "December",
        Year = "1986",
        Pages = "446--449"
}
@Article {kn:Olden,
      Title= "Supporting Dynamic Data Structures on Distributed
              Memory Machines",
       Author = "Anne Rogers and Martin C. Carlisle and John Reppy and Laurie Hendren",
       Journal = toplas,
       Volume = 17,
       Number = 2,
       Month= "March",
       Year="1995",
       Pages= "233-263"
}
@Article {kn:Ott84,
  Author = "J. Ottenstein and L.M. Ottenstein",
  Title = "The program dependence graph in a software development environment",
  Journal = "Proceedings of the ACM SIGSOFT/SIGPLAN Software
                  Engineering Symposium on Practical Software
                  Development Environments
    {\rm (Pittsburgh, PA, Apr. 23-25, 1984)\/}, ACM SIGPLAN Notices",
   Volume = 19,
   Number = 5,
   Month= may,
   Year = 1984,
   Page = "177--184"
}
@Article {kn:Fer87,
   Author= "J. Ferrante and K. Ottenstein and J. Warren",
   Title= "The program dependence graph and its use in optimization",
   Journal =toplas,
   Volume = 9,
   Number= 3,
   Month = jul,
   Year =1987,
   Pages= "319--349"
}
@PhdThesis{kn:Gallagher90,
  Author= "K.B. Gallagher",
  Title= "Using program slicing in software maintenance",
  Note ="Tech. Rep. CS-90-05",
  School ="Computer Science Department, University of Maryland,
                  Baltimore Campus",
  Year = 1990,
  Address=  "Baltimore, MD",
  Month = jan
}
@Article {kn:GL91,
     Author= "K.B. Gallagher and J.R. Lyle",
     Title= "Using program slicing in software maintenance",
     Journal ="IEEE Transactions on Software Engineering",
     Volume ="SE-17",
     Number= 8,
     Pages= "751--761",
     Month= aug,
     Year = 1991
}
@InProceedings {kn:LW86,
     Author= "J. Lyle and M. Weiser",
     Title= "Experiments on slicing-based debugging tools",
     Booktitle = "Proceedings of the First Conference on Empirical Studies
                  of Programming",
     Month = jun,
     Year = 1986
}
@InProceedings {kn:Bin92,
     Author= "D. Binkley",
     Title= "Using semantic differencing to reduce the cost of regression testing",
     Booktitle ="Proceedings of the 1992 Conference on Software Maintenance
                  {\rm (Orlando, FL, November 9-12, 1992)\/}",
     Year = "1992",
     Pages= "41--50"
}
@InProceedings {kn:BH93,
     Author= "S. Bates and S. Horwitz",
     Title= "Incremental program testing using program dependence graphs",
     Booktitle=popl,
     Year = 1993,
     Pages= "384--396"
}
@InProceedings {kn:Hor90,
     Author= "S. Horwitz",
     Title= "Identifying the semantic and textual differences between two versions of a program",
     Booktitle = pldi,
     Year= 1990,
     Pages= "234--245"
}
@Article {kn:NEK94,
     Author= "J.Q. Ning and A. Engberts and W. Kozaczynski",
     Title= "Automated support for legacy code understanding",
     Journal =cacm,
     Volume = 37,
     Number= 5,
     Month=may,
     Year = 1994,
     Pages= "50--57"
}
@Article {kn:HPrR89,
     Author= "S. Horwitz and J. Prins and T. Reps",
     Title="Integrating non-interfering versions of programs",
     Journal =toplas,
     Volume = 11,
     Number= 3,
     Month = jul,
     Year = 1989,
     Pages= "345--387"
}
@BOOK {kn:Wolf,
      Author= "M. Wolfe",
      Title= "High Performance Compilers for Parallel Computing",
      Publisher= "Addison-Wesley",
      Year = 1995
}
@BOOK {kn:Banerjee,
       Title="Parallel Algorithms for VLSI Computer-Aided Design",
       Publisher="Prentice-Hall, Inc., Englewoods-Cliffs, NJ",
       Year= 1994
}
@InProceedings {kn:Ruf97,
        Title = "Partitioning Dataflow Analysis Using Types",
        Author ="E. Ruf",
        Pages="15--26",
        Booktitle=popl,
        Publisher = "ACM Press",
        Address = "New York, NY",
        Year = 1997
}

@InProceedings {kn:FGL96,
         author="P. Fradet and R. Gaugne and D. M\'{e}tayer",
         title= "Static Detection of Pointer Errors: an
     Axiomatisation and a Checking Algorithm",
          Year=1996,
     booktitle="Proc. European Symposium on Programming,  ESOP'96 , LNCS"
}
@InProceedings{kn:BRS99,
   author="M. Benedikt and T. Reps and M. Sagiv",
   Title="A Decidable Logic for Describing Linked Data Structures",
   booktitle="Proc. European Symposium on Programming,  ESOP'99 , LNCS",
   Year=1999
}
@InProceedings{kn:JW90,
    Title="Is Compile-Time Garbage Collection Worth the Effort?",
    Author ="S.B. Jones and M.W. White",
    Booktitle="Functional Programming, Glasgow 1990",
    Edotor= "S. Peyton Jones and G. A. Hutton and C K Holst",
    Year= 1990}
@TECHREPORT{kn:Jo94,
     title= "An Experiment in Compile Time Garbage Collection",
      Author="S.B. Jones",
        TYPE = "Technical Report",
        Year=1994,
       INSTITUTION =" Dept of Computing Science and Mathematics, University of Stirling",
        Month=sep,
       Number = "CSM-127 D"}
@InProceedings{kn:T98,
    title="A Brief Introduction to Regions",
    author="M. Tofte",
    Booktitle="Proc. 1998 ACM International Symposium on Memory Management (ISMM '98)",
      Address = "Vancouver",
      Year=1998,
     Pages= "186--195"
}
@InProceedings {kn:ADEM98,
    Title="Garbage Collection and Local Variable Type-Precision and Liveness in JavaTM Virtual Machines",
    Author="O. Agesen and  D. Detlefs and J. Eliot and B. Moss",
    Booktitle=pldi,
    Year=1998}

@TechReport{kn:ESC,
           Title="Extended Static Checking",
           Author= "D.L. Detelefs and K.R.M. Leino and G. Nelson
                    and J.B. Saxe",
           Key="Esc98",
           Institution="Compaq Systems Research Center",
           Type="SRC Research Report",
           Number="159",
           Month="December",
           Year=1998}

@Unpublished{kn:intrinsa,
           Title="{PRE}fix automated code reviewer",
           Author={{Intrinsa Corporation}},
           Year=1999,
           Note = {Available at ``http://www.intrinsa.com/''}}
@Unpublished{kn:objectweb,
            Author="Objectweb",
            Year=2001,
            Note=
            {http://www.objectweb.org/messages\newline
            /EjbContainerGroup/2001/03/msg00028.html}
            }
@Unpublished{kn:bathroom,
             Author="Bianca",
             Note={http://bathroom.bianca.com/shack/bathroom/\newline sub/posts/2001\_Mar\_03/10061/10061.html},
             Year=2001},
@Unpublished{kn:commitlogs,
             Author="JLTools",
             Note={http://cvs.cs.cornell.edu:12000/\newline
             commitlogs/jltools/2000-08},
             Year=2001},

@Unpublished{kn:blackdown,
             Author="Blackdown",
             Note={http://www.blackdown.org/java-linux/\newline java2-status/README-3D121\_01},
             Year=2001},

@Unpublished{kn:rpmfind,
             Author="Kaffe",
             Note={http://rpmfind.net/tools/\newline Kaffe/messages/1999/1744.html},
             Year=2001},

@InProceedings{kn:Yahav01,
  author =       "E. Yahav",
  title =        "Verifying Safety Properties of Concurrent {J}ava Programs using 3-valued Logic",
  booktitle=popl,
  year=2001,
  pages= "27-40"
}

@InProceedings{kn:RS01,
  author =       "N. Rinetskey and M. Sagiv",
  title =        "Interprocedural Shape Analysis for Recursive Programs",
  booktitle =    cc,
  year =         "2001",
  editor =       "R. Wilhelm",
  volume =       "2027",
  series =       "LNCS",
  publisher =    "Springer-Verlag",
  pages =        "133--149",
}




@Book {kn:Morgan90,
       Title="Programming from Specifications",
       Author="C. Morgan",
       Publisher="Prentice-Hall",
       Address="Engelwood N.J",
       Year=1990}

@Article{Cox:90,
  author =   {B.J. Cox},
  title =    {Planning the Software Industrial Revolution},
  journal =      {IEEE Software},
  year =     1990,
  volume =   7,
  number =   6
}

@book{DesignPatterns,
  title="Design Patterns",
  author="E. Gamma and R. Helm and R.E. Johnson and J. Vlissides",
  publisher="Addison-Wesley",
  address="Reading, MA",
  year=1995
}

@Book{EssentialCORBA,
  author =       {T.J. Mowbray and R. Zahavi},
  title =    {The Essential CORBA: Systems Integration using Distributed Objects},
  publisher =    {John Wiley \& Sons},
  year =     1995
}

@Book{InsideCOM,
  author =   {D. Rogerson},
  title =    {Inside COM},
  publisher =    {Microsoft Press},
  year =     1996
}

@Book{Java2ClassLibRef,
  author =   {Patrick Chan and Rosanna Lee and Douglas Kramer},
  title =    {The~} # JavaTM #
                   {~Class Libraries, Second Edition, Vol. 1,
                    Supplement for the~} # JavaTM #
                   {~2 Platform Standard Edition, v1.2},
  publisher =    {Addison-Wesley},
  year =     1999
}

@InBook{Java2CollectionsRef,
  author =   {Patrick Chan and Rosanna Lee and Douglas Kramer},
  title =    {The~} # JavaTM # {~Class
                    Libraries, Second Edition, Vol. 1,
                    Supplement for the~} # JavaTM #
                    {~2 Platform Standard Edition, v1.2},
  pages =    {296--325},
  publisher =    {Addison-Wesley},
  year =     1999
}

@Book{JavaBook,
  author =   {K. Arnold and J. Gosling},
  title =    {The Java Programming Language},
  publisher =    {Addison-Wesley},
  year =     1997,
  series =   {Java Series}
}

@Book{JavaRef,
  author =   {James Gosling and Bill Joy and Guy Steele},
  title =    {The~} # JavaTM # {~Language Specification},
  publisher =    {Addison-Wesley},
  year =     1996
}

@Article{NierstraszEtAl:92,
  author =   {O. Nierstrasz and S. Gibbs and D. Tsichritzis},
  title =    {Component-oriented software development},
  journal =      {Communications of the ACM},
  year =     1992,
  volume =   35,
  number =   9,
  pages =    {160--165}
}

@Book{Szyperski:ComponentSoftware,
  author =   {C. Szyperski},
  title =    {Component Software: Beyond Object-Oriented Programming},
  publisher =    {Addison-Wesley},
  year =     1998
}


@Misc{JavaBeansSpec,
  editor =   {Graham Hamilton},
  title =    JavaBeansTM # {{~API Specification, Version 1.01}},
  howpublished = {{\tt ftp://ftp.javasoft.com/docs/\newline beans/beans.101.pdf}},
  month =    {July},
  key =          {JavaBeans},
  year =     1997
}

@INPROCEEDINGS{kn:TalSAS00,
     Author = "T. Lev-Ami and M. Sagiv",
     Title="{TVLA}: {A} framework for {K}leene based static analysis",
     Booktitle= sas,
     Editor="Jens Palsberg",
     Year=2000,
      series = LNCS,
      volume = 1824,
      publisher = "Springer-Verlag",
     pages =    "280--301"

}

@INPROCEEDINGS{kn:Soot00,
      Title="Optimizing {Java} Bytecode using the {Soot} Framework:
             Is it Feasible?",
      Author="R. {Vall\'{e}e-Rai} and E. Gagnon and
              L.Hendren and P. Lam and P.Pominville and V. Sundaresan",
      Booktitle=cc,
       Year=2000,
       Month=mar,
      Pages="18--34"
}

@Book{JVMRef,
  author =   {Tim Lindholm and Frank Yellin},
  title =    {The~} # JavaTM # {~Virtual Machine Specification,
                    Second Edition},
  publisher =    {Addison-Wesley},
  year =     1999
}

@TechReport{LeinoEtAl:00,
  author =   {K. Rustan M. Leino and Greg Nelson and James B. Saxe},
  title =    {{ESC/Java} User's Manual},
  institution =  {Compaq Systems Research Center},
  year =     2000,
  type =     {Technical Note},
  number =   {2000-002},
  month =    {October}
}

@Book{ClarkeEtAl:99,
  author =   {Edmund M. {Clarke, Jr.} and
                  Orna Grumberg and Doron A. Peled},
  title =    {Model Checking},
  publisher =    {The MIT Press},
  year =     1999
}

@InProceedings{DwyerClarke:94,
  author =   {Matthew B. Dwyer and Lori A. Clarke},
  title =    {Data Flow Analysis for Verifying Properties
                  of Concurrent Programs},
  booktitle =    {Proc. Second ACM SIGSOFT Symp. on Foundations
                  of Software Engineering},
  pages =    {62--75},
  year =     1994,
  address =  {New Orleans, LA},
  month =    {December}
}

@InProceedings{CorbettEtAl:00,
  author =   {James Corbett and Matthew Dwyer and John Hatcliff and
                  Corina Pasareanu and Robby and Shawn Laubach
                  and Hongjun Zheng},
  title =    {Bandera: Extracting Finite-state Models from
                  {Java} Source Code},
  booktitle =    icse,
  year =     2000,
  month =    {June},
  pages = {439--448}
}

@InProceedings{JacksonVaziri:00,
  author =   {Daniel Jackson and Mandana Vaziri},
  title =    {Finding Bugs with a Constraint Solver},
  booktitle =    {Proc. Intl. Symp. on Software Testing and Analysis},
  year =     2000,
  address =  {Portland, OR},
  month =    {August}
}

@InProceedings{DorEtAl:00,
  author =   {Nurit Dor and Michael Rodeh and Mooly Sagiv},
  title =    {Checking Cleanness in Linked Lists},
  booktitle =    sas,
  pages =    {115--134},
  year =     2000,
  month =    {July}
}

@InProceedings{Jackson:00,
  author =   {Daniel Jackson},
  title =    {Enforcing Design Constraints with Object Logic},
  booktitle =    sas,
  year =     2000,
  month =    {June},
  publisher =    {Springer-Verlag},
  note =     {LNCS 1824}
}

@InProceedings{NaumovichEtAl:97,
  author =  {Gleb Naumovich and George S. Avrunin and Lori A. Clarke
                 and Leon J. Osterweil},
  title =    {Applying Static Analysis to Software Architectures},
  booktitle =    {Proc. ACM SIGSOFT Symp. on the Foundations
                  of Software Eng. / Sixth European Software
                  Eng. Conf.},
  pages =    {77--93},
  year =     1997,
  address =  {Zurich},
  month =    {September},
  publisher =    {Springer-Verlag},
  note =         {LNCS 1301}
}

@InProceedings{Naumovich:99,
  author =   {Gleb Naumovich and George S. Avrunin and Lori A. Clarke},
  title =    {Data Flow Analysis for Checking Properties of
                  Concurrent Java Programs},
  booktitle =    {Proc. Intl. Conf. on Software Eng.},
  pages =    {399--410},
  year =     1999,
  address =  {Los Angeles},
  month =    {May}
}

@TechReport{DwyerClarke:99,
  author =   {Matthew B. Dwyer and Lori A. Clarke},
  title =    {Flow Analysis for Verifying Specifications of
                  Concurrent and Distributed Software},
  institution =  {Computer Science Dept., University of Massachusetts},
  year =     1999,
  type =     {Technical Report},
  number =   {UM-CS-1999-052},
  address =  {Amherst, MA 01003},
  month =    {August}
}

@InProceedings{JensenEtAl:97,
  author =   {Jakob L. Jensen and Michael E. Jorgensen
                  and Nils Klarlund and Michael I. Schwartzbach},
  title =    {Automatic Verification of Pointer Programs using
                  Monadic Second-Order Logic},
  booktitle =    pldi,
  pages =    {226--234},
  year =     1997,
  address =  {Las Vegas},
  month =    {June}
}

@InProceedings{DorEtAl:98,
  author =   {Nurit Dor and Michael Rodeh and Mooly Sagiv},
  title =    {Detecting Memory Errors via Static Pointer Analysis
                  (Preliminary Experience)},
  booktitle =    {Proc. ACM SIGPLAN-SIGSOFT Workshop on Program Analysis
                  for Software Tools and Engineering},
  year =     1998,
  address =  {Montreal},
  month =    {June}
}

@InProceedings{Evans:96,
  author =   {David Evans},
  title =    {Static Detection of Dynamic Memory Errors},
  booktitle =    {Proc. ACM SIGPLAN Conf. on Programming Language
                  Design and Implementation},
  pages =    {44--53},
  year =     1996,
  address =  {Philadelphia},
  month =    {May}
}

@InProceedings{FlanaganEtAl:96,
  author =   {C. Flanagan and M. Flatt and M. Krishnamurthi
                  and S. Weirich and M. Felleisen},
  title =    {Finding Bugs in the Web of Program Invariants},
  booktitle =    {Proc. ACM Conf. on Programming Language Design
                  and Implementation},
  pages =    {23--32},
  year =     1996,
  address =  {Philadelphia},
  month =    {May}
}

@InProceedings{Bourdoncle:93,
  author =   {F. Bourdoncle},
  title =    {Abstract Debugging of Higher-order Imperative Languages},
  booktitle =    {Proc. SIGPLAN Conf. on Programming Language Design
                  and Implementation},
  pages =    {46--55},
  year =     1993
}

@Article{DemartiniEtAl:99,
  author =   {C. Demartini and R. Iosif and R. Sisto},
  title =    {A Deadlock Detection Tool for Concurrent Java Programs},
  journal =      {Software---Practice and Experience},
  year =     1999,
  volume =   29,
  number =   7,
  pages =    {577--603}
}

@InProceedings{HolzmannSmith:99,
  author =   {G.J. Holzmann and M.H. Smith},
  title =    {Software Model Checking: Extracing Verification Models from
                  Source Code},
  booktitle =    {Proc. FORTE/PSTV},
  year =     1999,
  month =    {November}
}

@Article{Holzmann:97,
  author =   {G.J. Holzmann},
  title =    {The Model Checker {SPIN}},
  journal =      {IEEE Transactions on Software Engineering},
  year =     1997,
  volume =   23,
  number =   5,
  pages =    {279--294}
}

@Book{McMillan:93,
  author =   {K. McMillan},
  title =    {Symbolic Model Checking},
  publisher =    {Kluwer Academic Publishers},
  year =     1993
}

@InProceedings{Huch:99,
  author =   {F. Huch},
  title =    {Verification of {E}rlang Programs using Abstract
                  Interpretation and Model Checking},
  booktitle =    {Proc. Fourth ACM SIGPLAN Intl. Conf. on Functional
                  Programming},
  pages =    {261--272},
  year =     1999,
  month =    {September}
}

@Article{HavelundPressburger:00,
  author =   {Klaus Havelund and Thomas Pressburger},
  title =    {Model Checking {J}ava programs using {Java PathFinder}},
  journal =      {Intl. Journal on Software Tools for Technology Transfer},
  year =     2000,
  volume =   2,
  number =   4,
  month =    {April}
}


@InBook{ClarkeEtAl:TemporalLogicChapter,
  author =   {Edmund M. {Clarke, Jr.} and
                  Orna Grumberg and Doron A. Peled},
  title =    {Model Checking},
  chapter =      3,
  publisher =    {The MIT Press},
  year =     1999,
  pages =    {27--34}
}

@InProceedings{OwreEtAl:92,
  author =   {S. Owre and J.M. Rushby and N. Shankar},
  title =    {{PVS}: A Prototype Verification System},
  booktitle =    {Proc. 11th. Intl. Conf. on Automated Deduction},
  year =     1992,
  publisher =    {Springer-Verlag},
  note =     {LNCS 607}
}


@Misc{RamalingamEtAl:SASBenchmarkURL,
  author =   {G. Ramalingam and A. Warshavsky and J. Field and M. Sagiv},
  title =    {{\texttt{sas01benchmarks.java}}},
  month =    {February},
  year =     2001,
  note =     {Available at \texttt{http://www.research.ibm.com/people/j/jfield/sas01benchmarks.java}}
}

@INPROCEEDINGS{kn:CC79,
        AUTHOR = "P. Cousot and R. Cousot",
        TITLE ="Systematic Design of Program Analysis Frameworks",
        BOOKTITLE = popl,
        publisher = "ACM Press",
        Address = "New York, NY",
        YEAR = 1979,
        PAGES = "269--282"
}
@INPROCEEDINGS{kn:GS97,
        Title="Construction of abstract state graphs with {PVS}",
        Booktitle="In Proceedings of the 9th Conference on Computer-Aided Verification ({CAV}'97)",
        Address="Haifa, Israel",
        Month=jun,
        Year=1997,
     pages = "72-83",
        Author="Suzanne Graf and Hassen Saidi"
        }

@InProceedings{kn:BMMR01,
        Title="Automatic Predicate Abstraction of {C} Programs",
        Author="Thomas Ball and Rupak Majumdar and Todd
        Millstein and Sriram Rajamani",
        Month=jun,
        Year=2001,
        booktitle=pldi,
        pages="203--213"
}

@inproceedings{ball01automatically,
    author = "Thomas Ball and Sriram K. Rajamani",
    title = "Automatically Validating Temporal Safety Properties of Interfaces",
    booktitle = "{SPIN} 2001: {SPIN} Workshop",
    pages = "103-122",
    year = "2001",
    series = "{LNCS} 2057"
}

@InProceedings{BallRajamani:CAV2000,
        Title="Checking Temporal Properties of Software with Boolean Programs",
        Author="Thomas Ball and Sriram Rajamani",
        Booktitle="Proceedings of the Workshop on Advances in Verification",
        Month= jul,
        Year=2000
}

@InProceedings{kn:DRS01,
            Title="Cleanness Checking of String Manipulations in {C}
                   Programs via Integer Analysis",
            author =   "Nurit Dor and Michael Rodeh and Mooly Sagiv",
            booktitle =    sas,
       year =     2001,
       month =    jul
       }
@Article{kn:GRS00,
         Author="R. Giacobazzi and F. Ranzato and F. Scozzari",
         Title="Making abstract interpretations complete",
         journal=jacm,
         Volume=47,
         Number=2,
         Pages="361--416",
         Month=mar,
         Year=2000}
@InProceedings{kn:WFBA00,
     Title="A First Step Towards Automated Detection of Buffer Overrun
     Vulnerabilities",
        Author="D. Wagner and J.S. Foster and E.A. Brewer and A. Aiken",
        Booktitle="Network and Distributed System Security Symposium",
        Year=2000
        }
@InProceedings{kn:STFW01,
        Title="Detecting Format String Vulnerabilities With Type
        Qualifiers",
        Author="Umesh Shankar and Kunal Talwar and Jeffrey S. Foster and David
        Wagner",
        Booktitle="10th {USENIX} Security Symposium",
        Year=2001
}
@Unpublished{kn:Slam,
             Title="The {SLAM} Project",
             Author={{Microsoft Research}},
             Note="http://research.microsoft.com/slam/",
             Year=2001}

@TECHREPORT{kn:CanvasTr1,
     title= "Deriving Specialized Heap Analyses for Verifying Component-Client
       Conformance",
      Author="G. Ramalingam and
              Alex Warshavsky and
              John Field and
              Mooly Sagiv",
        TYPE = "Technical Report",
        Year=2001,
       INSTITUTION ="{IBM} {T}.{J}. {W}atson {R}esearch {C}enter",
       Number = "RC22145",
       HideNote = "http://domino.watson.ibm.com/library/cyberdig.nsf/papers?SearchView\&Query=RC22145"
}


@TECHREPORT{kn:FSVTr1,
     title= "Shallow Finite State Verification",
      Author="John Field and Deepak Goyal and G. Ramalingam and Eran Yahav",
        TYPE = "Technical Report",
          Month= dec,
        Year=2002,
       INSTITUTION ="{IBM} {T}.{J}. {W}atson {R}esearch {C}enter",
       Number = "RC22673",
       HideNote = "http://domino.watson.ibm.com/library/cyberdig.nsf/papers?SearchView\&Query=RC22673"
}

@Mastersthesis{kn:AlexMaster,
           Title = "Using Program Analysis for Component Verification",
           Author ="Alex Warshavsky",
           Year =2001,
           School ="Comp. Sci. Dept., Tel-Aviv University",
           Note = "In preparation"
           }

@InProceedings{kn:BFG99,
        Title="State Space Reduction based on Live Variables Analysis",
        Author="M. Bozga and J.-C. Fernandez and L. Ghirvu",
        Booktitle=sas,
        Pages="164--178",
        Year=1999
}

@Unpublished{kn:AlexWebSite,
             Author="Alex Warshavsky",
             Note="http://www.math.tau.ac.il/$\sim$walex",
             Year=2001}

@INPROCEEDINGS{kn:kil,
        AUTHOR = "G.A. Kildall",
        TITLE ="A Unified Approach to Global Program Optimization",
        BOOKTITLE = popl,
        publisher = "ACM Press",
        Address = "New York, NY",
        YEAR = 1973,
        PAGES = "194--206"          }

@Book{kn:Weiss01,
    Author = "Mark Allen Weiss",
    Title= "Data Structures and Problem Solving Using Java",
    Edition="Second",
    Year=2001,
    Publisher="Addison-Wesley"
}

@Unpublished{kn:Kaffe,
             Author="Kaffe",
             Note={http://rpmfind.net/tools/Kaffe},
             Year=2001}

@Unpublished{kn:JML,
             Note={http://www.cs.iastate.edu/$\sim$~leavens/JML.html},
             Title="The {Java} {M}odeling {}Language ({JML})",
             Author="Gary T. Leavens"}

@Book{kn:Dijkstra,
    Title= "A Discipline of programing",
    Publisher = "{P}rentice-{H}all",
    Year = 1976,
    Author = "E. W. Dijkstra"}

@INPROCEEDINGS{kn:,
        AUTHOR = "G.A. Dijkstra",
        TITLE ="A Unified Approach to Global Program Optimization",
        BOOKTITLE = popl,
        publisher = "ACM Press",
        Address = "New York, NY",
        YEAR = 1973,
        PAGES = "194--206"          }

@InProceedings{kn:ISSTA,
  author =       "T. Lev-Ami and T. Reps and M. Sagiv and R. Wilhelm",
  title =        "Putting Static Analysis to Work for Verification: {A} Case Study",
  booktitle =    "Proc. Intl. Symp. on Software Testing and Analysis",
  year =         "2000",
}

@INPROCEEDINGS{kn:HPR89,
        AUTHOR = "S. Horwitz and P. Pfeiffer and T. Reps",
        TITLE ="Dependence Analysis for Pointer Variables",
        BOOKTITLE = pldi,
       publisher = "ACM Press",
        Address = "New York, NY",
        YEAR = 1989,
        PAGES = "28--40"          }

@Article {kn:SRW98,
        AUTHOR ="M. Sagiv and T. Reps and R. Wilhelm",
        TITLE = "Solving Shape-Analysis Problems in Languages with Destructive Updating",
        Journal = toplas,
        Volume = 20,
        Number = 1,
        Month = jan,
        Year = 1998,
        Pages = "1--50"}

@INPROCEEDINGS{kn:CWZ90,
        AUTHOR= "D.R. Chase and M. Wegman and F. Zadeck",
        Title = "Analysis of Pointers and Structures",
        BOOKTITLE = pldi,
       publisher = "ACM Press",
        Address = "New York, NY",
        YEAR = 1990,
        PAGES = "296--310"}

@Misc{CanvasURL,
  key = {Canvas},
  title = {{\Canvas} project},
  note = {http://www.research.ibm.com/menage/canvas/}
}

@Misc{Ganymed,
  key = {Ganymed},
  title = {Ganymed {SSH-2} for Java},
  note = {http://www.ganymed.ethz.ch/ssh2/}
}

@Misc{WalaURL,
  key = {{WALA}},
  title = {{WALA: The T. J. Watson Libraries for Analysis}},
  note = {http://wala.sourceforge.net}
}


@Unpublished{kn:CYO01,
     Title="Computability and Complexity Results for a Spatial Assertion Language for
     Data Structures",
     Author="Cristiano Calcagno and Hongseok Yang and Peter O'Hearn",
     Note="http://www.dcs.qmw.ac.uk/$\sim$~ohearn/"}

@Book{kn:NN99,
     Title="Principles of Program Analysis",
     Author="Flemming Nielson and Hanne Riis Nielson and Chris
     Hankin",
     Publisher="Springer-Verlag",
     Year=2001}


@TECHREPORT{kn:CHA,
         Title="Optimization of Object-Oriented Programs Using Static Class Hierarchy
         Analysis",
         Author="Jeffrey Dean and David Grove and Craig Chambers",
         Institution="Washington University",
         Number="TR 94-12-01",
         Note="Also published in ECOOP'95 conference proceedings",
         Year=1994}

@InProceedings{IgarashiKobayashi:01,
  author =   {Atsushi Igarashi and Naoki Kobayashi},
  title =    {A Generic Type System for the Pi-Calculus},
  booktitle =    popl,
  pages =    {128--141},
  year =     2001,
  address =  {London},
  month =    {January}
}

@InCollection{JonesComplexity81,
  author =       "N.D. Jones and S.S. Muchnick",
  title =        "Complexity of flow analysis, inductive assertion
                 synthesis, and a language due to {D}ijkstra",
  chapter =      "12",
  editor =       "Steven S Muchnick and Neil D Jones",
  booktitle =    "Program Flow Analysis: Theory and Applications",
  pages =        "380--393",
  publisher =    "Prentice-Hall",
  year =         "1981",
}

@Book{CGP99,
  author =       "E.M. Clarke and O. Grumberg and D. Peled",
  title =        "Model Checking",
  publisher =    "MIT Press",
  year =         "1999",
  ISBN =         "0-262-03270-8"
}

@Book{book:Aho,
  author =       "A. Aho and R. Sethi and J. Ullman",
  title =        "Compilers: Principles and Techniques and Tools",
  publisher =    "Addison-Wesley",
  year =         "1986",
}

@InProceedings{DasEtAl:02,
  author =   {Manuvir Das and Sorin Lerner and Mark Seigle},
  title =    {{ESP}: {P}ath-Sensitive Program Verification in
                  Polynomial Time},
  booktitle =    pldi,
  pages =    {57--68},
  year =     2002,
  address =  {Berlin},
  month =    {June}
}

@InProceedings{FosterEtAl:02,
  author =   {Jeffrey S. Foster and Tachio Terauchi and Alex Aiken},
  title =    {Flow-Sensitive Type Qualifiers},
  booktitle =    pldi,
  pages =    {1--12},
  year =     2002,
  address =  {Berlin},
  month =    {June}
}

@InProceedings{FaehndrichDeLine:02,
  author =   {Robert {DeLine} and Manuel F\"{a}hndrich},
  title =    {Adoption and Focus: Practical Linear Types for
                  Imperative Programming},
  booktitle =    pldi,
  pages =    {13--24},
  year =     2002,
  address =  {Berlin},
  month =    {June}
}

@Article{StromYemini:86,
  author =   {Robert E. Strom and Shaula Yemini},
  title =    {Typestate: {A} Programming Language Concept for
                  Enhancing Software Reliability},
  journal =      IEEESoftEng,
  year =     1986,
  volume =   12,
  number =   1,
  pages =    {157--171}
}

@inproceedings{KuncakEtAl:02,
  author =       {Viktor Kuncak and Patrick Lam and Martin Rinard},
  title =        {Role Analysis},
  booktitle =    popl,
  year =         2002,
  address =      {Portland},
  month =        {January}
}

@Article{StromYellin:93,
  author =   {Robert E. Strom and Daniel M. Yellin},
  title =    {Extending Typestate Checking using Conditional Liveness
                  Analysis},
  journal =      IEEESoftEng,
  year =     1993,
  volume =   19,
  number =   5,
  pages =    {478--485},
  month =    {May}
}

@inproceedings{XuEtAl:00,
 author = {Zhichen Xu and Barton P. Miller and Thomas Reps},
 title = {Safety checking of machine code},
 booktitle = pldi,
 year = 2000,
 pages = {70--82},
 address = {Vancouver},
}

@inproceedings{XuEtAl:02,
    author = "Zhichen Xu and Thomas Reps and Barton P. Miller",
    title = "Typestate Checking of Machine Code",
    booktitle = esop,
    booktitle = "Lecture Notes in Computer Science",
    volume = 2028,
    pages = "335--351",
    year = 2001,
    series = LNCS,
    volume = 2028,
    publisher = "Springer-Verlag"
}


@InProceedings{AshcraftEngler:02,
  author =   {Ken Ashcraft and Dawson Engler},
  title =    {Using Programmer-Written Compiler
                  Extensions to Catch Security Holes},
  booktitle =    {Proc. IEEE Symp. on Security and Privacy},
  year =     2002,
  address =  {Oakland, CA},
  month =    {May}
}

@InProceedings{ESCOverview:02,
  author =   {Cormac Flanagan and K. Rustan M. Leino and
                  Mark Lillibridge and Greg Nelson and James B. Saxe and Rymie Stata},
  title =    {Extended Static Checking for Java},
  booktitle =    pldi,
  pages =    {234--245},
  year =     2002,
  address =  {Berlin},
  month =    {June}
}

@InProceedings{Naumovich:97,
  author =   {Gleb Naumovich and Lori A. Clarke and Leon J. Osterweil and
                  Matthew B. Dwyer},
  title =    {Verification of Concurrent Sofware with {FLAVERS}},
  booktitle =    icse,
  pages =    {594--597},
  year =     1997,
  month =    May
}

@article{JIST:POPL05,
 author = {R. Alur and P. Cerny and P. Madhusudan and W. Nam},
 title = {Synthesis of interface specifications for {Java} classes},
 journal = {SIGPLAN Not.},
 volume = {40},
 number = {1},
 year = {2005},
 issn = {0362-1340},
 pages = {98--109},
 doi = {http://doi.acm.org/10.1145/1047659.1040314},
 publisher = {ACM Press},
 address = {New York, NY, USA},
 }


@INPROCEEDINGS{EmeraldCodeRegular,
  booktitle     = {Grammatical Inference and Applications; 2nd International
               Colloquium, ICGI-94},
  title     = {Grammatical Inference and Applications; 2nd International
               Colloquium, ICGI-94},
  publisher = {Springer},
  series    = {LNCS/LNAI},
  volume    = {862},
  year      = {1994},
  AUTHOR = "J.~D. Emerald and K.~G. Subramanian and D.~G. Thomas",
  TITLE = "Learning code regular and code linear languages",
  pages = "211--221",
}

@Article{Makinen:GIP1990,
  author =       "E. Makinen",
  title =        "The grammatical inference problem for the {Szilard}
                 languages of linear grammars",
  journal =      "Information Processing Letters",
  volume =       "36",
  number =       "4",
  pages =        "203--206",
  day =          "15",
  month =        nov,
  year =         "1990",
  CODEN =        "IFPLAT",
  ISSN =         "0020-0190",
  bibdate =      "Wed Nov 11 12:16:26 MST 1998",
  acknowledgement = ack-nhfb,
  affiliation =  "Univ of Tampere",
  affiliationaddress = "Tampere, Finl",
  classification = "721; 723; C1230 (Artificial intelligence); C4210
                 (Formal logic)",
  corpsource =   "Dept. of Comput. Sci., Tampere Univ., Finland",
  journalabr =   "Inf Process Lett",
  keywords =     "Automata Theory; Computer Programming--Algorithms;
                 Context Free Grammars; grammars; Grammatical Inference;
                 grammatical inference problem; inference mechanisms;
                 Linear Grammars; linear grammars; set union problem;
                 Szilard Languages; Szilard languages; time complexity;
                 zero-reversible languages",
  treatment =    "P Practical; T Theoretical or Mathematical",
}

@Article{TanYok92,
  author =       "N. Tanida and T. Yokomori",
  title =        "Polynomial-Time Identification of Strictly Regular
                 Languages in the Limit",
  journal =      "TIEICE: IEICE Transactions on
                 Communications/Electronics/Information and Systems",
  year =         "1992",
  pages =        "125--132"
}

@Article{Angluin:JACM82,
  author =       "D. Angluin",
  title =        "Inference of reversible languages",
  journal =      "J. ACM",
  pages =        "741--765",
  year =         "1982",
  number =       "3",
  volume =       "29",
  keywords =     "Inductive inference, grammatical inference, reversible
                 languages",
  publisher =    "ACM Press",
  address =      "New York",
  acknowledgement = "LEABib --- Lehrstuhl f{\"u}r Effiziente Algorithmen
                 der Technischen Universit{\"a}t M{\"u}nchen.
                 http://wwwmayr.informatik.tu-muenchen.de/leabib",
  cdate =        "1970-01-01",
  mdate =        "1970-01-01",
}

@Article{Gold67,
  author =       "E. M. Gold",
  title =        "Language identification in the limit.",
  journal =      "Information and Control",
  volume =       "10",
  pages =        "447--474",
  year =         "1967",
  keywords =     "inductive inference, II, ML, machine learning,
                 language, AI, grammar, rule rules",
  abstract =     "from refs in previous entry",
}

@article{BP87,
 author = {R.C. Berwick and S. Pilato},
 title = {Learning Syntax by Automata Induction},
 journal = {Mach. Learn.},
 volume = {2},
 number = {1},
 year = {1987},
 issn = {0885-6125},
 pages = {9--38},
 doi = {http://dx.doi.org/10.1023/A:1022860810097},
 publisher = {Kluwer Academic Publishers},
 address = {Hingham, MA, USA},
 }

@inproceedings{whaley02component,
 author = {John Whaley and Michael C. Martin and Monica S. Lam},
 title = {Automatic Extraction of Object-Oriented Component Interfaces},
 booktitle = {Proceedings of the International Symposium on Software
Testing and Analysis},
 month = "July",
 year = {2002},
 isbn = {1-58113-562-9},
 pages = {218--228},
 location = {Rome, Italy},
 doi = {http://doi.acm.org/10.1145/566172.566212},
 publisher = {ACM Press},
 }

@InProceedings{livshits05dynamine,
  author       = "V. Benjamin Livshits and Thomas Zimmermann",
  title        = "DynaMine: Finding Common Error Patterns by Mining Software Revision Histories",
  booktitle    = "Proceedings of the 13th ACM SIGSOFT International Symposium on the Foundations of Software Engineering (FSE-13)",
  month        = sep,
  pages        = "296--305",
  year         = "2005",
  location     = "Lisbon, Portugal",
}


@inproceedings{Ammons:POPL02,
 author = {Glenn Ammons and Rastislav Bodik and James R. Larus},
 title = {Mining specifications},
 booktitle = {POPL '02: Proceedings of the 29th ACM SIGPLAN-SIGACT symposium on Principles of programming languages},
 year = {2002},
 isbn = {1-58113-450-9},
 pages = {4--16},
 location = {Portland, Oregon},
 doi = {http://doi.acm.org/10.1145/503272.503275},
 publisher = {ACM Press},
 address = {New York, NY, USA},
 }

@inproceedings{Engler:SOSP01,
 author = {Dawson Engler and David Yu Chen and Seth Hallem and Andy Chou and Benjamin Chelf},
 title = {Bugs as deviant behavior: a general approach to inferring errors in systems code},
 booktitle = {SOSP '01: Proceedings of the eighteenth ACM symposium on Operating systems principles},
 year = {2001},
 isbn = {1-58113-389-8},
 pages = {57--72},
 location = {Banff, Alberta, Canada},
 doi = {http://doi.acm.org/10.1145/502034.502041},
 publisher = {ACM Press},
 address = {New York, NY, USA},
 }

@article{Ernst:TSE01,
   author = {Michael D. Ernst and Jake Cockrell and William G. Griswold
    and David Notkin},
   title = {Dynamically discovering likely program invariants to support
    program evolution},
   journal = {IEEE Transactions on Software Engineering},
   volume = {27},
   number = {2},
   pages = {99--123},
   month = feb,
   year = {2001},
}
@inproceedings{Hangal:ICSE2002,
  author = "Sudheendra Hangal and Monica S. Lam",
  title = "Tracking Down Software Bugs Using Automatic Anomaly Detection",
  inproceedings = "Proceedings of the International Conference on Software Engineering",
  month = may,
  year = 2002,
  url = "citeseer.ist.psu.edu/hangal02tracking.html" }

@inproceedings{Lie:ISCA2001,
 author = {David Lie and Andy Chou and Dawson Engler and David L. Dill},
 title = {A simple method for extracting models for protocol code},
 booktitle = {ISCA '01: Proceedings of the 28th annual international symposium on Computer architecture},
 year = {2001},
 isbn = {0-7695-1162-7},
 pages = {192--203},
 location = {G\&\#246;teborg, Sweden},
 doi = {http://doi.acm.org/10.1145/379240.379263},
 publisher = {ACM Press},
 address = {New York, NY, USA},
 }

@inproceedings{Lam:ECOOP03,
  author = "Patrick Lam and Martin Rinard",
  title = "A Type System and Analysis for the Automatic Extraction and Enforcement
    of Design Information",
    booktitle = "ECOOP",
    year = "2003",
  url = "citeseer.ist.psu.edu/lam03type.html" }

@inproceedings{Weimer:TACAS2005,
  author = "Westley Weimer and George Necula",
  title = "Mining Temporal Specifications for Error Detection",
    booktitle = "TACAS",
    year = "2005"
}

@inproceedings{lmxr:esop05,
author = {L{.} Mauborgne and X{.} Rival},
title =  {Trace {P}artitioning in {A}bstract {I}nterpretation
          {B}ased {S}tatic {A}nalyzers},
booktitle =  "esop",
volume= "3444",
year =   {2005},
}
@inproceedings{cc77,
 author = {Patrick Cousot and Radhia Cousot},
 title = {Abstract interpretation: a unified lattice model for static analysis of programs by construction or approximation of fixpoints},
 booktitle = {POPL '77: Proceedings of the 4th ACM SIGACT-SIGPLAN symposium on Principles of programming languages},
 year = {1977},
 pages = {238--252},
 location = {Los Angeles, California},
 doi = {http://doi.acm.org/10.1145/512950.512973},
 publisher = {ACM Press},
 address = {New York, NY, USA},
 }


@inproceedings{Jungloids:PLDI05,
 author = {David Mandelin and Lin Xu and Rastislav Bodik and Doug Kimelman},
 title = {Jungloid mining: helping to navigate the {API} jungle},
 booktitle = {PLDI '05: Proceedings of the 2005 ACM SIGPLAN conference on Programming language design and implementation},
 year = {2005},
 isbn = {1-59593-056-6},
 pages = {48--61},
 location = {Chicago, IL, USA},
 doi = {http://doi.acm.org/10.1145/1065010.1065018},
 publisher = {ACM Press},
 address = {New York, NY, USA},
 }

@inproceedings{Percolator:OOPSLA05,
 author = {Mangala Gowri Nanda and Christian Grothoff and Satish Chandra},
 title = {Deriving object typestates in the presence of inter-object references},
 booktitle = {OOPSLA '05: Proceedings of the 20th annual ACM SIGPLAN conference on Object oriented programming, systems, languages, and applications},
 year = {2005},
 isbn = {1-59593-031-0},
 pages = {77--96},
 location = {San Diego, CA, USA},
 doi = {http://doi.acm.org/10.1145/1094811.1094818},
 publisher = {ACM Press},
 address = {New York, NY, USA},
 }

 @inproceedings{Yang:ICSE06,
 author = {Jinlin Yang and David Evans and Deepali Bhardwaj and Thirumalesh Bhat and Manuvir Das},
 title = {Perracotta: mining temporal {API} rules from imperfect traces},
 booktitle = {ICSE '06: Proceeding of the 28th international conference on Software engineering},
 year = {2006},
 isbn = {1-59593-375-1},
 pages = {282--291},
 location = {Shanghai, China},
 doi = {http://doi.acm.org/10.1145/1134285.1134325},
 publisher = {ACM Press},
 address = {New York, NY, USA},
 }

@article{Cook:TOSEM98,
 author = {Jonathan E. Cook and Alexander L. Wolf},
 title = {Discovering models of software processes from event-based data},
 journal = {ACM Trans. Softw. Eng. Methodol.},
 volume = {7},
 number = {3},
 year = {1998},
 issn = {1049-331X},
 pages = {215--249},
 doi = {http://doi.acm.org/10.1145/287000.287001},
 publisher = {ACM Press},
 address = {New York, NY, USA},
 }

@PhdThesis{Andersen:PhD,
  semno =        "D-203",
  author =       "L. O. Andersen",
  title =        "Program Analysis and Specialization for the {C}
                 Programming Language",
  school =       "DIKU, Univ. of Copenhagen",
  year =         "1994",
  month =        may,
  note =         "(DIKU report 94/19)",
}

@Book{book:J2SESecBook,
  author =       {Marco Pistoia and Duane Reller and Deepak Gupta and Milind Nagnur and Ashok K. Ramani},
  title =        {Java 2 Network Security},
  edition =      "Second",
  publisher =    {Prentice Hall PTR},
  address =      {Upper Saddle River, NJ, USA},
  month =        {August},
  year =         1999
}

@techreport{ModularTR,
    author = "G. Yorsh and E. Yahav and S. Chandra",
    title = "Symbolic Summarization with Applications to Typestate Verification",
    year = "2007",
    institution = "Tel Aviv University",
    Note ="www.cs.tau.ac.il/$\sim$gretay"
}


@Misc{MiningGallery,
  key = {Gallery of Mined Specification},
  title = {Gallery of Mined Specification},
  note = {http://tinyurl.com/23qct8 or http://docs.google.com/View?docid=ddhtqgv6\_10hbczjd}
}

@inproceedings{LK:FSE06,
 author = {David Lo and Siau-Cheng Khoo},
 title = {{SMArTIC}: towards building an accurate, robust and scalable specification miner},
 booktitle = {SIGSOFT '06/FSE-14: Proceedings of the 14th ACM SIGSOFT international symposium on Foundations of software engineering},
 year = {2006},
 isbn = {1-59593-468-5},
 pages = {265--275},
 doi = {http://doi.acm.org/10.1145/1181775.1181808},
 publisher = {ACM},
 }

@inproceedings{WZL:FSE07,
 author = {Andrzej Wasylkowski and Andreas Zeller and Christian Lindig},
 title = {Detecting object usage anomalies},
 booktitle = {ESEC-FSE '07: Proceedings of the the 6th joint meeting of the European software engineering conference and the ACM SIGSOFT symposium on The foundations of software engineering},
 year = {2007},
 isbn = {978-1-59593-811-4},
 pages = {35--44},
 location = {Dubrovnik, Croatia},
 doi = {http://doi.acm.org/10.1145/1287624.1287632},
 publisher = {ACM},
 address = {New York, NY, USA},
 }

@inproceedings{DLWZ:WODA06,
 author = {Valentin Dallmeier and Christian Lindig and Andrzej Wasylkowski and Andreas Zeller},
 title = {Mining object behavior with ADABU},
 booktitle = {WODA '06: Proceedings of the 2006 international workshop on Dynamic systems analysis},
 year = {2006},
 isbn = {1-59593-400-6},
 pages = {17--24},
 location = {Shanghai, China},
 doi = {http://doi.acm.org/10.1145/1138912.1138918},
 publisher = {ACM},
 address = {New York, NY, USA},
 }
