%% 2010
@inproceedings{VYY:POPL10,
  AUTHOR = {Martin Vechev and Eran Yahav and Greta Yorsh},
  TITLE = {Abstraction-Guided Synthesis of Synchronization},
  BOOKTITLE = {POPL '10: 37th ACM SIGACT-SIGPLAN Symposium on Principles of Programming Languages},
  YEAR = {2010},
  note =         {to appear}
}


%% 2009

@INPROCEEDINGS{RVYY:EC2009,
  AUTHOR =       {Noam Rinetzky and Martin T. Vechev and Eran Yahav and Greta Yorsh},
  TITLE =        {Verifying Optimistic Algorithms Should be Easy},
  BOOKTITLE =    {Exploiting Concurrency Efficiently and Correctly - CAV Workshop},
  YEAR =         {2009},
}


@inproceedings{SVY:PLDI09,
 author = {Ohad Shacham and Martin T. Vechev and Eran Yahav},
 title = {Chameleon: Adaptive Selection of Collections},
 booktitle = {PLDI '09: Proceedings of the 2009 ACM SIGPLAN conference on Programming language design and implementation},
 year = {2009},
 publisher = {ACM},
}

@inproceedings{VYY:TACAS09,
  AUTHOR = {Martin Vechev and Eran Yahav and Greta Yorsh},
  TITLE = {Inferring Synchronization Under Limited Observability},
  BOOKTITLE = {TACAS '09: 15th International Conference on Tools and Algorithms for the Construction and Analysis of Systems},
  YEAR = {2009}
}

@INPROCEEDINGS{JRPSY:FOOL09,
  AUTHOR =       {Uri Juhasz and Noam Rinetzky and Arnd Poetzsch-Heffter and Mooly Sagiv and Eran Yahav},
  TITLE =        {Modular Verification with Shared Abstractions},
  BOOKTITLE =    {FOOL '09: International Workshop on
Foundations of Object-Oriented Languages},
  YEAR =         {2009}
}


%% 2008

@INPROCEEDINGS{VYMAY:EC2008,
  AUTHOR =       {Martin Vechev and Eran Yahav and Maged Michael and Hagit Attiya and Greta Yorsh},
  TITLE =        {Computer-Assisted Construction of Efficient Concurrent Algorithms},
  BOOKTITLE =    {EC2: Exploiting Concurrency Efficiently and Correctly -- CAV 2008 Workshop},
  YEAR =         {2008}
}

@inproceedings{VY:PLDI08,
 author = {Martin T. Vechev and Eran Yahav},
 title = {Deriving Linearizable Fine-Grained Concurrent Objects},
 booktitle = {PLDI '08: Proceedings of the 2008 ACM SIGPLAN conference on Programming language design and implementation},
 year = {2008},
 publisher = {ACM},
 }


@inproceedings{DDYC:ISMM08,
 author = {Isil Dillig and Thomas Dillig and Eran Yahav and Satish Chandra},
 title = {The {CLOSER}: Automating Resource Management in {Java}},
 booktitle = {ISMM '08: International Symposium on Memory Management},
 year = {2008},
 }

@INPROCEEDINGS{LY:ISSTA08,
  AUTHOR =       {Alexey Loginov and Eran Yahav and Satish Chandra and Stephen Fink and Noam Rinetzky and M. G. Nanda},
  TITLE =        {Verifying Dereference Safety via Expanding-Scope Analysis},
  BOOKTITLE =    {ISSTA '08: International Symposium on Software Testing and Analysis},
  YEAR =         {2008},
  }


@INPROCEEDINGS{AVY:OOPSLA08,
  AUTHOR =       {Matthew Arnold and Martin Vechev and Eran Yahav},
  TITLE =        {{QVM}: An Efficient Runtime for Detecting Defects in Deployed Systems},
  BOOKTITLE =    {OOPSLA '08: ACM SIGPLAN Conference on Object-Oriented Programming Systems, Languages, and Applications},
  YEAR =         {2008},
}


@inproceedings{YYC:POPL08,
 author = {Greta Yorsh and Eran Yahav and Satish Chandra},
 title = {Generating precise and concise procedure summaries},
 booktitle = {POPL '08: Proceedings of the 35th annual ACM SIGPLAN-SIGACT symposium on Principles of
 programming languages},
 year = {2008},
 isbn = {978-1-59593-689-9},
 pages = {221--234},
 location = {San Francisco, California, USA},
 doi = {http://doi.acm.org/10.1145/1328438.1328467},
 publisher = {ACM},
 }

@article{safe:TOSEM08,
 author = {Stephen J. Fink and Eran Yahav and Nurit Dor and G. Ramalingam and Emmanuel Geay},
 title = {Effective typestate verification in the presence of aliasing},
 journal = {ACM Transactions on Software Engineering and Methodology},
 volume = {17},
 number = {2},
 year = {2008},
 issn = {1049-331X},
 pages = {1--34},
 doi = {http://doi.acm.org/10.1145/1348250.1348255},
 publisher = {ACM},
 }

@article{RRSY:TOPLAS08,
 AUTHOR =       {Noam Rinetzky and G Ramalingam and Mooly Sagiv and and Eran Yahav},
 title = {On the complexity of partially-flow-sensitive alias analysis},
 journal = {ACM Transactions on Programming Languages and Systems (TOPLAS)},
 volume = {30},
 number = {3},
 year = {2008},
 issn = {0164-0925},
 pages = {1--28},
 doi = {http://doi.acm.org/10.1145/1353445.1353447},
 publisher = {ACM},
 address = {New York, NY, USA},
 }





%% 2007
@inproceedings{mine:ISSTA07,
 author = {Sharon Shoham and Eran Yahav and Stephen Fink and Marco Pistoia},
 title = {Static specification mining using automata-based abstractions},
 booktitle = {ISSTA '07: Proceedings of the 2007 international symposium on Software testing and analysis},
 year = {2007},
 isbn = {978-1-59593-734-6},
 pages = {174--184},
 location = {London, United Kingdom},
 doi = {http://doi.acm.org/10.1145/1273463.1273487},
 publisher = {ACM},
 note = {* best paper award}
 }

@inproceedings{VYBR:PLDI07,
 author = {Martin T. Vechev and Eran Yahav and David F. Bacon and Noam Rinetzky},
 title = {{CGCExplorer}: a semi-automated search procedure for provably correct concurrent collectors},
 booktitle = {PLDI '07: Proceedings of the 2007 ACM SIGPLAN conference on Programming language design and implementation},
 year = {2007},
 isbn = {978-1-59593-633-2},
 pages = {456--467},
 location = {San Diego, California, USA},
 doi = {http://doi.acm.org/10.1145/1250734.1250787},
 publisher = {ACM},
 }

@inproceedings{PFFY:ICSE07,
 author = {Marco Pistoia and Stephen J. Fink and Robert J. Flynn and Eran Yahav},
 title = {When Role Models Have Flaws: Static Validation of Enterprise Security Policies},
 booktitle = {ICSE '07: Proceedings of the 29th international conference on Software Engineering},
 year = {2007},
 isbn = {0-7695-2828-7},
 pages = {478--488},
 doi = {http://dx.doi.org/10.1109/ICSE.2007.98},
 publisher = {IEEE Computer Society},
 address = {Washington, DC, USA},
 }

@inproceedings{ARRSY:CAV07,
  author    = {Daphna Amit and
               Noam Rinetzky and
               Thomas W. Reps and
               Mooly Sagiv and
               Eran Yahav},
  title     = {Comparison Under Abstraction for Verifying Linearizability},
  booktitle = {CAV '07: Computer Aided Verification, 19th International Conference},
  year      = {2007},
  pages     = {477-490},
  ee        = {http://dx.doi.org/10.1007/978-3-540-73368-3_49},
  crossref  = {DBLP:conf/cav/2007},
  bibsource = {DBLP, http://dblp.uni-trier.de}
}

@inproceedings{RPRSY:ESOP07,
  author    = {Noam Rinetzky and
               Arnd Poetzsch-Heffter and
               Ganesan Ramalingam and
               Mooly Sagiv and
               Eran Yahav},
  title     = {Modular Shape Analysis for Dynamically Encapsulated Programs},
  booktitle = {ESOP '07: The 16th European Symposium on Programming},
  year      = {2007},
  pages     = {220-236},
  ee        = {http://dx.doi.org/10.1007/978-3-540-71316-6_16},
  crossref  = {DBLP:conf/esop/2007},
  bibsource = {DBLP, http://dblp.uni-trier.de}
}

@proceedings{DBLP:conf/esop/2007,
  title     = {Programming Languages and Systems, 16th European Symposium
               on Programming, ESOP 2007, Held as Part of the Joint European
               Conferences on Theory and Practics of Software, ETAPS 2007,
               Braga, Portugal, March 24 - April 1, 2007, Proceedings},
  booktitle = {ESOP},
  publisher = {Springer},
  series    = {Lecture Notes in Computer Science},
  volume    = {4421},
  year      = {2007},
  isbn      = {978-3-540-71314-2},
  bibsource = {DBLP, http://dblp.uni-trier.de}
}

@inproceedings{GFYS:SPIN07,
  author    = {Guy Gueta and
               Cormac Flanagan and
               Eran Yahav and
               Mooly Sagiv},
  title     = {Cartesian Partial-Order Reduction},
  booktitle = {SPIN '07: 14th International SPIN Workshop},
  year      = {2007},
  pages     = {95-112},
  ee        = {http://dx.doi.org/10.1007/978-3-540-73370-6_8},
  crossref  = {DBLP:conf/spin/2007},
  bibsource = {DBLP, http://dblp.uni-trier.de}
}

@proceedings{DBLP:conf/spin/2007,
  title     = {Model Checking Software, 14th International SPIN Workshop,
               Berlin, Germany, July 1-3, 2007, Proceedings},
  booktitle = {SPIN},
  publisher = {Springer},
  series    = {Lecture Notes in Computer Science},
  volume    = {4595},
  year      = {2007},
  isbn      = {978-3-540-73369-0},
  bibsource = {DBLP, http://dblp.uni-trier.de}
}

@article{PCFY:IBMSJ07,
  author    = {Marco Pistoia and
               Satish Chandra and
               Stephen J. Fink and
               Eran Yahav},
  title     = {A survey of static analysis methods for identifying security
               vulnerabilities in software systems},
  journal   = {IBM Systems Journal},
  volume    = {46},
  number    = {2},
  year      = {2007},
  pages     = {265-288},
  ee        = {http://dx.doi.org/10.1147/sj.462.0265},
  bibsource = {DBLP, http://dblp.uni-trier.de}
}



%% 2006
@inproceedings{safe:ISSTA06,
 author = {Stephen Fink and Eran Yahav and Nurit Dor and G. Ramalingam and Emmanuel Geay},
 title = {Effective typestate verification in the presence of aliasing},
 booktitle = {ISSTA '06: Proceedings of the 2006 international symposium on Software testing and analysis},
 year = {2006},
 isbn = {1-59593-263-1},
 pages = {133--144},
 location = {Portland, Maine, USA},
 doi = {http://doi.acm.org/10.1145/1146238.1146254},
 publisher = {ACM},
 note = {* best paper award}
 }

@inproceedings{VYB:PLDI06,
 author = {Martin T. Vechev and Eran Yahav and David F. Bacon},
 title = {Correctness-preserving derivation of concurrent garbage collection algorithms},
 booktitle = {PLDI '06: Proceedings of the 2006 ACM SIGPLAN conference on Programming language design and implementation},
 year = {2006},
 isbn = {1-59593-320-4},
 pages = {341--353},
 location = {Ottawa, Ontario, Canada},
 doi = {http://doi.acm.org/10.1145/1133981.1134022},
 publisher = {ACM},
 }


@article{YRSW:IGPL06,
  author    = {Eran Yahav and
               Thomas W. Reps and
               Shmuel Sagiv and
               Reinhard Wilhelm},
  title     = {Verifying Temporal Heap Properties Specified via Evolution
               Logic},
  journal   = {Logic Journal of the IGPL},
  volume    = {14},
  number    = {5},
  year      = {2006},
  pages     = {755-783},
  ee        = {http://dx.doi.org/10.1093/jigpal/jzl009},
  bibsource = {DBLP, http://dblp.uni-trier.de}
}


@inproceedings{GYF:PEPM06,
 author = {Emmanuel Geay and Eran Yahav and Stephen Fink},
 title = {Continuous code-quality assurance with SAFE},
 booktitle = {PEPM '06: Proceedings of the 2006 ACM SIGPLAN symposium on Partial evaluation and semantics-based program manipulation},
 year = {2006},
 isbn = {1-59593-196-1},
 pages = {145--149},
 location = {Charleston, South Carolina},
 doi = {http://doi.acm.org/10.1145/1111542.1111567},
 publisher = {ACM},
 }

@inproceedings{RSY:SAS05,
  author    = {Noam Rinetzky and
               Mooly Sagiv and
               Eran Yahav},
  title     = {Interprocedural Shape Analysis for Cutpoint-Free Programs},
  booktitle = {SAS '05: 12th International Static Analysis Symposium},
  year      = {2005},
  pages     = {284-302},
  ee        = {http://dx.doi.org/10.1007/11547662_20},
  crossref  = {DBLP:conf/sas/2005},
  bibsource = {DBLP, http://dblp.uni-trier.de}
}

@proceedings{DBLP:conf/sas/2005,
  title     = {Static Analysis, 12th International Symposium, SAS 2005,
               London, UK, September 7-9, 2005, Proceedings},
  booktitle = {SAS},
  publisher = {Springer},
  series    = {Lecture Notes in Computer Science},
  volume    = {3672},
  year      = {2005},
  isbn      = {3-540-28584-9},
  bibsource = {DBLP, http://dblp.uni-trier.de}
}

@inproceedings{MYRS:VMCAI05,
  author    = {Roman Manevich and
               Eran Yahav and
               Ganesan Ramalingam and
               Shmuel Sagiv},
  title     = {Predicate Abstraction and Canonical Abstraction for Singly-Linked
               Lists},
  booktitle = {VMCAI '05: 6th International Conference on Verification, Model Checking, and Abstract Interpretation},
  year      = {2005},
  pages     = {181-198},
  ee        = {http://springerlink.metapress.com/openurl.asp?genre=article{\&}issn=0302-9743{\&}volume=3385{\&}spage=181},
  crossref  = {DBLP:conf/vmcai/2005},
  bibsource = {DBLP, http://dblp.uni-trier.de}
}

@proceedings{DBLP:conf/vmcai/2005,
  title     = {Verification, Model Checking, and Abstract Interpretation,
               6th International Conference, VMCAI 2005, Paris, France,
               January 17-19, 2005, Proceedings},
  booktitle = {VMCAI},
  publisher = {Springer},
  series    = {Lecture Notes in Computer Science},
  volume    = {3385},
  year      = {2005},
  isbn      = {3-540-24297-X},
  bibsource = {DBLP, http://dblp.uni-trier.de}
}

@article{SYKS:SCP05,
  author    = {Ran Shaham and
               Eran Yahav and
               Elliot K. Kolodner and
               Mooly Sagiv},
  title     = {Establishing local temporal heap safety properties with
               applications to compile-time memory management},
  journal   = {Science of Computer Programming},
  volume    = {58},
  number    = {1-2},
  year      = {2005},
  pages     = {264-289},
  ee        = {http://dx.doi.org/10.1016/j.scico.2005.02.010},
  bibsource = {DBLP, http://dblp.uni-trier.de}
}

@article{FGRY:SCP05,
  author    = {John Field and
               Deepak Goyal and
               Ganesan Ramalingam and
               Eran Yahav},
  title     = {Typestate verification: Abstraction techniques and complexity
               results},
  journal   = {Science of Computer Programming},
  volume    = {58},
  number    = {1-2},
  year      = {2005},
  pages     = {57-82},
  ee        = {http://dx.doi.org/10.1016/j.scico.2005.02.004},
  bibsource = {DBLP, http://dblp.uni-trier.de}
}

%% 2004

@inproceedings{YR:PLDI04,
 author = {Eran Yahav and G. Ramalingam},
 title = {Verifying safety properties using separation and heterogeneous abstractions},
 booktitle = {PLDI '04: Proceedings of the ACM SIGPLAN 2004 conference on Programming language design and implementation},
 year = {2004},
 isbn = {1-58113-807-5},
 pages = {25--34},
 location = {Washington DC, USA},
 doi = {http://doi.acm.org/10.1145/996841.996846},
 publisher = {ACM},
 }


%% 2003

@inproceedings{YRSW:ESOP03,
  author    = {Eran Yahav and
               Thomas W. Reps and
               Shmuel Sagiv and
               Reinhard Wilhelm},
  title     = {Verifying Temporal Heap Properties Specified via Evolution
               Logic},
  booktitle = {ESOP '03: 12th European Symposium on Programming},
  year      = {2003},
  pages     = {204-222},
  ee        = {http://link.springer.de/link/service/series/0558/bibs/2618/26180204.htm},
  crossref  = {DBLP:conf/esop/2003},
  bibsource = {DBLP, http://dblp.uni-trier.de}
}

@proceedings{DBLP:conf/esop/2003,
  title     = {Programming Languages and Systems, 12th European Symposium
               on Programming, ESOP 2003, Held as Part of the Joint European
               Conferences on Theory and Practice of Software, ETAPS 2003,
               Warsaw, Poland, April 7-11, 2003, Proceedings},
  booktitle = {ESOP},
  publisher = {Springer},
  series    = {Lecture Notes in Computer Science},
  volume    = {2618},
  year      = {2003},
  isbn      = {3-540-00886-1},
  bibsource = {DBLP, http://dblp.uni-trier.de}
}

@inproceedings{FGRY:SAS03,
  author    = {John Field and
               Deepak Goyal and
               G. Ramalingam and
               Eran Yahav},
  title     = {Typestate Verification: Abstraction Techniques and Complexity
               Results},
  booktitle = {SAS '03: 10th International Static Analysis Symposium},
  year      = {2003},
  volume    = {2694},
  publisher = {Springer},
  pages     = {439-462},
  ee        = {http://link.springer.de/link/service/series/0558/bibs/2694/26940439.htm},
  bibsource = {DBLP, http://dblp.uni-trier.de}
}

@proceedings{DBLP:conf/sas/2003,
  title     = {Static Analysis, 10th International Symposium, SAS 2003,
               San Diego, CA, USA, June 11-13, 2003, Proceedings},
  booktitle = {SAS},
  publisher = {Springer},
  series    = {Lecture Notes in Computer Science},
  volume    = {2694},
  year      = {2003},
  isbn      = {3-540-40325-6},
  bibsource = {DBLP, http://dblp.uni-trier.de}
}

@inproceedings{SYKS:SAS03,
  author    = {Ran Shaham and
               Eran Yahav and
               Elliot K. Kolodner and
               Shmuel Sagiv},
  title     = {Establishing Local Temporal Heap Safety Properties with
               Applications to Compile-Time Memory Management},
  booktitle = {SAS '03: 10th International Static Analysis Symposium},
  year      = {2003},
  volume    = {2694},
  publisher = {Springer},
  pages     = {483-503},
  ee        = {http://link.springer.de/link/service/series/0558/bibs/2694/26940483.htm},
  bibsource = {DBLP, http://dblp.uni-trier.de}
}

@proceedings{DBLP:conf/sas/2003,
  title     = {Static Analysis, 10th International Symposium, SAS 2003,
               San Diego, CA, USA, June 11-13, 2003, Proceedings},
  booktitle = {SAS},
  publisher = {Springer},
  series    = {Lecture Notes in Computer Science},
  volume    = {2694},
  year      = {2003},
  isbn      = {3-540-40325-6},
  bibsource = {DBLP, http://dblp.uni-trier.de}
}

@article{YS:SOFTMC03,
  author    = {Eran Yahav and
               Shmuel Sagiv},
  title     = {Automatically Verifying Concurrent Queue Algorithms},
  journal   = {SoftMC 2003: Workshop on Software Model Checking. Electronic Notes in Theoretical Computer Science},
  volume    = {89},
  number    = {3},
  year      = {2003},
  ee        = {http://www.elsevier.com/gej-ng/31/29/23/141/23/show/Products/notes/index.htt\#006},
  bibsource = {DBLP, http://dblp.uni-trier.de}
}

%% 2001

@inproceedings{Yahav:POPL01,
 author = {Eran Yahav},
 title = {Verifying safety properties of concurrent {Java} programs using 3-valued logic},
 booktitle = {POPL '01: Proceedings of the 28th ACM SIGPLAN-SIGACT symposium on Principles of programming languages},
 year = {2001},
 isbn = {1-58113-336-7},
 pages = {27--40},
 location = {London, United Kingdom},
 doi = {http://doi.acm.org/10.1145/360204.360206},
 publisher = {ACM},
 }

%% 1996
 @inproceedings{PBFRY:COOTS96,
 author = {Sara Porat and David Bernstein and Yaroslav Fedorov and Joseph Rodrigue and Eran Yahav},
 title = {Compiler optimization of {C++} virtual function calls},
 booktitle = {COOTS'96: Proceedings of the 2nd conference on USENIX Conference on Object-Oriented Technologies},
 year = {1996},
 pages = {1--1},
 location = {Toronto, Ontario, Canada},
 publisher = {USENIX Association},
 note = {as undergrad student employee in IBM Haifa}
 }

 @inproceedings{metro:EMSOFT05,
 author = {David F. Bacon and Perry Cheng and David Grove and Michael Hind and V. T. Rajan and Eran Yahav and Matthias Hauswirth and Christoph M. Kirsch and Daniel Spoonhower and Martin T. Vechev},
 title = {High-level real-time programming in {Java}},
 booktitle = {EMSOFT '05: Proceedings of the 5th ACM international conference on Embedded software},
 year = {2005},
 isbn = {1-59593-091-4},
 pages = {68--78},
 location = {Jersey City, NJ, USA},
 doi = {http://doi.acm.org/10.1145/1086228.1086242},
 publisher = {ACM},
 }

%% pending

@ARTICLE{TSE08,
 author = {Sharon Shoham and Eran Yahav and Stephen Fink and Marco Pistoia},
 title = {Static specification mining using automata-based abstractions},
 journal = {IEEE Transactions on Software Engineering (TSE)},
 volume = {34},
 number = {5},
 year = { 2008 },
 month = sep,
}

@article{MYRS:TCS,
  author    = {Roman Manevich and
               Eran Yahav and
               Ganesan Ramalingam and
               Shmuel Sagiv},
  title     = {Predicate Abstraction and Canonical Abstraction for Singly-Linked
               Lists},
  journal = {Invited to journal of Theoretical Computer Science (TCS)},
}

@ARTICLE{YS:TOPLAS,
 author = {Eran Yahav and Mooly Sagiv},
 title = {Verifying safety properties of concurrent {Java} programs using 3-valued logic},
 journal = {ACM Transactions on Programming Languages and Systems (TOPLAS)}
 }


%% others


@INBOOK{SRWY:ETIS2005,
  title = {On the Utility of Canonical Abstraction},
  author = {Mooly Sagiv and Thomas W. Reps and Reinhard Wilhelm and Eran Yahav},
  booktitle = {Engineering Theories of Software Intensive Systems},
  publisher = {Springer Netherlands},
  issn = {1568-2609},
  isbn = {978-1-4020-3530-2 (Print) 978-1-4020-3532-6 (Online)},
  url = {http://www.springerlink.com/content/j41866221104x8g4/},
  abstract = {Abstraction and abstract interpretation are key tools for automatically verifying properties of systems. One of the major challenges in abstract interpretation is how to obtain abstractions that are precise enough to provide useful information, and yet abstract enough to allow efficient computation. A related challenge is how to conservatively extract useful information from an abstract value.},
  volume = {195},
  year = {2005},
  pages = {215--253},
  subject_collection = {Computer Science},
  doi = {10.1007/1-4020-3532-2_8},
}

@INPROCEEDINGS{VSTTE07,
  AUTHOR = {Nurit Dor and John Field and Dennis Gopan and Tal Lev-Ami
  and Alexey Loginov and Roman Manevich and G. Ramalingam and Thomas Reps and Noam Rinetzky
  and Mooly Sagiv and Reinhard Wilhelm and Eran Yahav and Greta Yorsh},
  TITLE =        {Automatic verification of strongly dynamic software systems},
  BOOKTITLE =    {Verified Software: Theories, Tools, Experiments},
  YEAR =         {2007},
  publisher =    {Springer-Verlag}
}


%% extras

@inproceedings{CC77,
   author =    {Cousot, P{.} and Cousot, R{.}},
   title =     {Abstract interpretation: a unified lattice model for static
                analysis of programs by construction or approximation of
                fixpoints},
   pages =     {238--252},
   booktitle = {Conference Record of the Fourth Annual ACM SIGPLAN-SIGACT
                Symposium on Principles of Programming Languages},
   publisher = {ACM},
   year =      1977,
}

@article{SRW02,
 author = {Mooly Sagiv and Thomas Reps and Reinhard Wilhelm},
 title = {Parametric shape analysis via 3-valued logic},
 journal = {ACM Trans. Program. Lang. Syst.},
 volume = {24},
 number = {3},
 year = {2002},
 issn = {0164-0925},
 pages = {217--298},
 doi = {http://doi.acm.org/10.1145/514188.514190},
 publisher = {ACM},
 address = {New York, NY, USA},
 }

%%% URLS
@MISC{QVMURL,
  note =         {http://www.research.ibm.com/qvm/},
}

@MISC{ParaglideURL,
  note =         {http://www.research.ibm.com/paraglide/},
}

@inproceedings{DCAS:SPAA04,
 author = {Doherty,, Simon and Detlefs,, David L. and Groves,, Lindsay and Flood,, Christine H. and Luchangco,, Victor and Martin,, Paul A. and Moir,, Mark and Shavit,, Nir and Steele,Jr., Guy L.},
 title = {{DCAS} is not a silver bullet for nonblocking algorithm design},
 booktitle = {SPAA '04: Proceedings of the sixteenth annual ACM symposium on Parallelism in algorithms and architectures},
 year = {2004},
 isbn = {1-58113-840-7},
 pages = {216--224},
 location = {Barcelona, Spain},
 doi = {http://doi.acm.org/10.1145/1007912.1007945},
 publisher = {ACM},
 address = {New York, NY, USA},
 }

@article{ERASER:TCS97,
 author = {Savage,, Stefan and Burrows,, Michael and Nelson,, Greg and Sobalvarro,, Patrick and Anderson,, Thomas},
 title = {Eraser: a dynamic data race detector for multithreaded programs},
 journal = {ACM Trans. Comput. Syst.},
 volume = {15},
 number = {4},
 year = {1997},
 issn = {0734-2071},
 pages = {391--411},
 doi = {http://doi.acm.org/10.1145/265924.265927},
 publisher = {ACM},
 address = {New York, NY, USA},
 }
