@inproceedings{SongSunZhang09,
  AUTHOR    = {Yang Song and
               Yuqing Zhang and
               Yingfei Sun},
  TITLE     = {Automatic Vulnerability Locating in Binary Patches},
  BOOKTITLE = {CIS'09},
}

@inproceedings{GodlinStrichman09,
  author    = {Benny Godlin and
               Ofer Strichman},
  title     = {Regression verification},
  booktitle = {DAC},
  year      = {2009},
  pages     = {466-471},
  ee        = {http://doi.acm.org/10.1145/1629911.1630034},
  bibsource = {DBLP, http://dblp.uni-trier.de}
}

@inproceedings{Oh10,
  AUTHOR    = {Jeongwook Oh},
  TITLE     = {ExploitSpotting: Locating Vulnerabilities Out Of Vendor Patches Automatically},
  BOOKTITLE = {Black Hat 2010},
  YEAR      = {2010}
}

@inproceedings{BrumleyPoosankamSongZheng08,
 AUTHOR = {Brumley, David and Poosankam, Pongsin and Song, Dawn and Zheng, Jiang},
 TITLE = {Automatic Patch-Based Exploit Generation is Possible: Techniques and Implications},
 BOOKTITLE = {S\&P'08},
 ISBN = {978-0-7695-3168-7},
 PAGES = {143--157},
 NUMPAGES = {15},
 URL = {http://portal.acm.org/citation.cfm?id=1397759.1398066},
 DOI = {10.1109/SP.2008.17},
 ACMID = {1398066},
 KEYWORDS = {exploit generation, symbolic execution, combined execution, test case generation, patch},
}
@inproceedings{HoareLahiriVaswani10,
 AUTHOR = {Lahiri, Shuvendu K. and Vaswani, Kapil and Hoare, Tony},
 TITLE = {Differential Static Analysis: Opportunities, Applications, and Challenges},
 BOOKTITLE = {2010 FSE/SDP Workshop on the Future of Software Engineering Research},
 YEAR = {2010},
 NUMPAGES = {4},
 URL = {http://research.microsoft.com/apps/pubs/default.aspx?id=138319},
 PUBLISHER = {Association for Computing Machinery, Inc.},
 KEYWORDS = {static analysis, differential analysis, equivalence checking, semantic diff, regression testing},
}

@inproceedings{HawblitzelKawaguchiLahiriRebelo12,
 AUTHOR = {Shuvendu Lahiri and Chris Hawblitzel and Ming Kawaguchi and Henrique Rebêlo.},
 TITLE = {SymDiff: A language-agnostic semantic diff tool for imperative programs},
 BOOKTITLE = {CAV},
 YEAR = {2012},
 URL = {http://research.microsoft.com/apps/pubs/default.aspx?id=138319},
}

@TECHREPORT{KawaguchiLahiriRebelo10,
  AUTHOR =       {Ming Kawaguchi and Shuvendu K. Lahiri and Henrique Rebelo},
  TITLE =        {Conditional Equivalence},
  INSTITUTION =  {MSR},
  YEAR =         {2010}
}

@mastersthesis{Heelan09,
  author =       {Heelan, Sean},
  title =        {Automatic Generation of Control Flow Hijacking Exploits for Software Vulnerabilities},
  school =       {Oxford},
  year =         {2009}
}

@online{CLang,
  title = {clang: a C language family frontend for LLVM},
  year = {2007},
  url = {http://clang.llvm.org/}
}

@InProceedings{NethercoteSeward07,
    author      = {Nicholas Nethercote and Julian Seward},
    title       = {Valgrind: A Framework for Heavyweight Dynamic Binary
                   Instrumentation},
    booktitle   = {PLDI'07},
    month       = jun,
    summary     = {Updated paper all about Valgrind.  Focuses on shadow
                   value tools, because they are what distinguish Valgrind
                   most from similar frameworks like DynamoRIO and Pin.
                   Describes shadow value requirements, and how Valgrind
                   supports them.  First public discussion of
                   disassemble-and-resynthesise vs. copy-and-annotate for
                   DBI IR.  Gives more up-to-date description that
                   supersedes the old papers.  Does a detailed evaluation,
                   of robustness, ease of tool-writing, instrumentation
                   capabilities, and performance.}
}

@inproceedings{CadarDunbarEngler08,
  author    = {Cristian Cadar and
               Daniel Dunbar and
               Dawson R. Engler},
  title     = {KLEE: Unassisted and Automatic Generation of High-Coverage
               Tests for Complex Systems Programs},
  booktitle = {OSDI},
  year      = {2008},
  pages     = {209-224},
  ee        = {http://www.usenix.org/events/osdi08/tech/full_papers/cadar/cadar.pdf},
}

@inproceedings{JeannetMine09,
  author    = {Bertrand Jeannet and
               Antoine Min{\'e}},
  title     = {Apron: A Library of Numerical Abstract Domains for Static
               Analysis},
  booktitle = {CAV},
  year      = {2009},
  pages     = {661-667},
  ee        = {http://dx.doi.org/10.1007/978-3-642-02658-4_52},
  crossref  = {DBLP:conf/cav/2009},
  bibsource = {DBLP, http://dblp.uni-trier.de}
}

@article{ApiwattanapongHarroldOrso07,
  author    = {Taweesup Apiwattanapong and
               Alessandro Orso and
               Mary Jean Harrold},
  title     = {JDiff: A differencing technique and tool for object-oriented
               programs},
  journal   = {Autom. Softw. Eng.},
  volume    = {14},
  number    = {1},
  year      = {2007},
  pages     = {3-36},
  ee        = {http://dx.doi.org/10.1007/s10515-006-0002-0},
  bibsource = {DBLP, http://dblp.uni-trier.de}
}

@techreport{HuntMcIlroy75,
  author    = {J. W. Hunt and M. D. McIlroy},
  title     = {An algorithm for differential file comparison},
  howpublished = {Computing Science Technical Report 41},
  institution =  {Bell Laboratories},
  year =         {1975},
}

@inproceedings{DwyerElbaumPerson08,
  author    = {Suzette Person and
               Matthew B. Dwyer and
               Sebastian G. Elbaum and
               Corina S. Pasareanu},
  title     = {Differential symbolic execution},
  booktitle = {FSE'08},
  ee        = {http://doi.acm.org/10.1145/1453101.1453131},
  bibsource = {DBLP, http://dblp.uni-trier.de}
}

@proceedings{HarroldMurphy08,
  editor    = {Mary Jean Harrold and
               Gail C. Murphy},
  title     = {Proceedings of the 16th ACM SIGSOFT International Symposium
               on Foundations of Software Engineering, 2008, Atlanta, Georgia,
               USA, November 9-14, 2008},
  booktitle = {SIGSOFT FSE},
  publisher = {ACM},
  year      = {2008},
  isbn      = {978-1-59593-995-1},
  bibsource = {DBLP, http://dblp.uni-trier.de}
}

@inproceedings{JacksonLadd94,
  author    = {Daniel Jackson and
               David A. Ladd},
  title     = {Semantic Diff: A Tool for Summarizing the Effects of Modifications},
  booktitle = {ICSM},
  year      = {1994},
  pages     = {243-252},
  bibsource = {DBLP, http://dblp.uni-trier.de}
}

@proceedings{GeorgesMuller94,
  editor    = {Hausi A. M{\"u}ller and
               Mari Georges},
  title     = {Proceedings of the International Conference on Software
               Maintenance, ICSM 1994, Victoria, BC, Canada, September
               1994},
  booktitle = {ICSM},
  publisher = {IEEE Computer Society},
  year      = {1994},
  isbn      = {0-8186-6330-8},
  bibsource = {DBLP, http://dblp.uni-trier.de}
}

@inproceedings{Horwitz90,
 author = {Horwitz, Susan},
 title = {Identifying the semantic and textual differences between two versions of a program},
 booktitle = {PLDI '90},
 year = {1990},
 isbn = {0-89791-364-7},
 pages = {234--245},
 numpages = {12},
 url = {http://doi.acm.org/10.1145/93542.93574},
 doi = {10.1145/93542.93574},
 acmid = {93574},
}

@article{HorwitzPrinsReps89,
 author = {Horwitz, Susan and Prins, Jan and Reps, Thomas},
 title = {Integrating noninterfering versions of programs},
 journal = {ACM Trans. Program. Lang. Syst.},
 volume = {11},
 number = {3},
 issn = {0164-0925},
 pages = {345--387},
 numpages = {43},
 publisher = {ACM},
}

@incollection {EnglerRamos11,
   author = {Ramos, David and Engler, Dawson},
   affiliation = {Stanford University, USA},
   title = {Practical, Low-Effort Equivalence Verification of Real Code},
   booktitle = {CAV'11},
   isbn = {978-3-642-22109-5},
}

@inproceedings{BartheDArgenioRezk04,
 author = {Barthe, Gilles and D'Argenio, Pedro R. and Rezk, Tamara},
 title = {Secure Information Flow by Self-Composition},
 booktitle = {Proceedings of the 17th IEEE workshop on Computer Security Foundations},
 series = {CSFW '04},
 year = {2004},
 isbn = {0-7695-2169-X},
 url = {http://dx.doi.org/10.1109/CSFW.2004.17},
 doi = {10.1109/CSFW.2004.17},
 acmid = {1009669},
}


@inproceedings{AikenTerauchi05,
 author = {Terauchi, Tachio and Aiken, Alex},
 title = {Secure information flow as a safety problem},
 booktitle = {SAS'05}
 isbn = {3-540-28584-9, 978-3-540-28584-7},
 location = {London, UK},
 pages = {352--367},
 numpages = {16},
 url = {http://dx.doi.org/10.1007/11547662_24},
 doi = {10.1007/11547662_24},
 acmid = {2156828},
 publisher = {Springer-Verlag},
}

@inproceedings{CMWC:SAS09,
 author = {Chen, Liqian and Min{\'e}, Antoine and Wang, Ji and Cousot, Patrick},
 title = {Interval Polyhedra: An Abstract Domain to Infer Interval Linear Relationships},
 booktitle = {Proceedings of the 16th International Symposium on Static Analysis},
 series = {SAS '09},
 year = {2009},
 isbn = {978-3-642-03236-3},
 location = {Los Angeles, CA},
 pages = {309--325},
 numpages = {17},
 url = {http://dx.doi.org/10.1007/978-3-642-03237-0_21},
 doi = {10.1007/978-3-642-03237-0_21},
 acmid = {1615464},
 publisher = {Springer-Verlag},
}

@incollection {BalakrishnanGhorbalGuptaIvancicMaeda12,
   author = {Ghorbal, Khalil and Ivancic, Franjo and Balakrishnan, Gogul and Maeda, Naoto and Gupta, Aarti},
   affiliation = {NEC Laboratories America, Inc., USA},
   title = {Donut Domains: Efficient Non-convex Domains for Abstract Interpretation},
   booktitle = {Verification, Model Checking, and Abstract Interpretation},
   series = {LNCS},
   publisher = {Springer},
   pages = {235-250},
   volume = {7148},
   year = {2012}
}

@article{MauborgneRival07,
 author = {Rival, Xavier and Mauborgne, Laurent},
 title = {The trace partitioning abstract domain},
 journal = {ACM Trans. Program. Lang. Syst.},
 issue_date = {August 2007},
 volume = {29},
 number = {5},
 month = aug,
 year = {2007},
 issn = {0164-0925},
 articleno = {26},
 url = {http://doi.acm.org/10.1145/1275497.1275501},
 doi = {10.1145/1275497.1275501},
 acmid = {1275501},
 publisher = {ACM},
}

@incollection {ChakiGurfinkelStrichman12,
   author = {Chaki, Sagar and Gurfinkel, Arie and Strichman, Ofer},
   affiliation = {SEI/CMU, Pittsburgh, USA},
   title = {Regression Verification for Multi-threaded Programs},
   booktitle = {VMCAI'12},
}

@article{Horwitz89,
 author = {Horwitz, Susan and Prins, Jan and Reps, Thomas},
 title = {Integrating noninterfering versions of programs},
 journal = {ACM Trans. Program. Lang. Syst.},
 volume = {11},
 number = {3},
 issn = {0164-0925},
 numpages = {43},
 url = {http://doi.acm.org/10.1145/65979.65980},
 doi = {10.1145/65979.65980},
 acmid = {65980},
 publisher = {ACM},
}

@inproceedings{JinOrsoXie10,
 author = {Jin, Wei and Orso, Alessandro and Xie, Tao},
 title = {{BERT}: a tool for behavioral regression testing},
 booktitle = {FSE'10},
 year = {2010},
 isbn = {978-1-60558-791-2},
 pages = {361--362},
 numpages = {2},
 publisher = {ACM},
 keywords = {differential testing, regression testing},
}

@INPROCEEDINGS{CousotCousot77,
        AUTHOR = "P. Cousot and R. Cousot",
        TITLE ="Abstract Interpretation: A Unified Lattice Model
        for Static Analysis of Programs by Construction of
        Approximation of Fixed Points",
        BOOKTITLE = "POPL",
        YEAR = 1977,
        PAGES = "238--252"
}

@inproceedings{CousotHalbwachs78,
   author =    {Cousot, P{.} and Halbwachs, N{.}},
   title =     {Automatic discovery of linear restraints among variables of
                a program},
   pages =     {84--97},
   booktitle = {POPL'78},
}

@inproceedings{ClarkeKroening03,
  author    = {Edmund M. Clarke and
               Daniel Kroening},
  title     = {Hardware verification using ANSI-C programs as a reference},
  booktitle = {ASP-DAC},
  year      = {2003},
  pages     = {308-311},
  ee        = {http://doi.acm.org/10.1145/1119772.1119831},
  bibsource = {DBLP, http://dblp.uni-trier.de}
}

@inproceedings{KuehlmannKrohm97,
  author    = {Andreas Kuehlmann and
               Florian Krohm},
  title     = {Equivalence Checking Using Cuts and Heaps},
  booktitle = {DAC},
  year      = {1997},
  pages     = {263-268},
  ee        = {http://doi.acm.org/10.1145/266021.266090},
  bibsource = {DBLP, http://dblp.uni-trier.de}
}

@inproceedings{BraytonChatterjeeMishchenkoEen06,
  author    = {Alan Mishchenko and
               Satrajit Chatterjee and
               Robert K. Brayton and
               Niklas E{\'e}n},
  title     = {Improvements to combinational equivalence checking},
  booktitle = {ICCAD},
  year      = {2006},
  pages     = {836-843},
  ee        = {http://doi.acm.org/10.1145/1233501.1233679},
  bibsource = {DBLP, http://dblp.uni-trier.de}
}

@article{Hoare69,
  author    = {C. A. R. Hoare},
  title     = {An Axiomatic Basis for Computer Programming},
  journal   = {Commun. ACM},
  volume    = {12},
  number    = {10},
  year      = {1969},
  pages     = {576-580},
  ee        = {http://doi.acm.org/10.1145/363235.363259},
  bibsource = {DBLP, http://dblp.uni-trier.de}
}

@article{Mine2006,
 author = {Min\'{e}, Antoine},
 title = {The octagon abstract domain},
 journal = {Higher Order Symbol. Comput.},
 volume = {19},
 issue = {1},
 month = {March},
 year = {2006},
 issn = {1388-3690},
 pages = {31--100},
 numpages = {70},
 url = {http://portal.acm.org/citation.cfm?id=1145489.1145526},
 doi = {10.1007/s10990-006-8609-1},
 acmid = {1145526},
 publisher = {Kluwer Academic Publishers},
 address = {Hingham, MA, USA},
 keywords = {Abstract interpretation, Numerical abstract domains, Relational numerical invariants, Static analysis},
}


@incollection {AmitRinetzkyRepsSagivYahav07,
   author = {Amit, Daphna and Rinetzky, Noam and Reps, Thomas and Sagiv, Mooly and Yahav, Eran},
   affiliation = {Tel Aviv University},
   title = {Comparison Under Abstraction for Verifying Linearizability},
   booktitle = {CAV'07},
}

@inproceedings{ConditHarrenMcPeakNeculaWeimer03,
  author    = {Jeremy Condit and
               Matthew Harren and
               Scott McPeak and
               George C. Necula and
               Westley Weimer},
  title     = {CCured in the real world},
  booktitle = {PLDI},
  year      = {2003},
  pages     = {232-244},
  ee        = {http://doi.acm.org/10.1145/781131.781157},
  crossref  = {DBLP:conf/pldi/2003},
  bibsource = {DBLP, http://dblp.uni-trier.de}
}
